@book{IEEE-1363,
  author =       {{IEEE Std 1363-2000}},
  title =        {{IEEE} Standard Specifications for Public-Key Cryptography},
  address =      {New York},
  publisher =    {IEEE},
  year =         2000
}

@inproceedings{kocher99,
  author =       {C. Kocher and J. Jaffe and B. Jun},
  title =        {Differential Power Analysis},
  editor =       {M. Wiener},
  booktitle =    {Advances in Cryptology ({CRYPTO}~'99)},
  series =       {Lecture Notes in Computer Science},
  volume =       1666,
  pages =        {388-397},
  publisher =    {Springer-Verlag},
  month =        {August},
  year =         1999
}

@incollection{Krasnogor2004e,
  author =       {N. Krasnogor},
  title =        {Towards robust memetic algorithms},
  booktitle =    {Recent Advances in Memetic Algorithms},
  publisher =    {Springer Berlin Heidelberg},
  year =         2004,
  pages =        {185-207},
  editor =       {W.E. Hart and N. Krasnogor and J.E. Smith},
  volume =       166,
  series =       {Studies in Fuzziness and Soft Computing},
  address =      {New York},
}

@incollection{zjsw,
  author =       {班固},
  title =        {苏武传},
  booktitle =    {传记散文英华},
  publisher =    {湖北人民出版社},
  year =         1998,
  pages =        {65-69},
  editor =       {郑在瀛 and 汪超宏 and 周文复},
  volume =       2,
  series =       {新古文观止丛书},
  address =      {武汉},
  lang =         {zh},
}

@inbook{clzs,
  author =       {阎真},
  title =        {沧浪之水},
  chapter =      {大人物还是讲人情的},
  pages =        {185-207},
  publisher =    {人民文学出版社},
  year =         2001,
  lang =         {zh},
}

@book{tex,
  author =       "Donald E. Knuth",
  title =        "The {\TeX} Book",
  publisher =    "Addison-Wesley Publishing Company",
  address =      "Reading, MA",
  year =         1989,
  edition =      "15th",
}

@book{companion,
  author =       "Michel Goosens and Frank Mittelbach and Alexander Samarin",
  title =        "The {\LaTeX} Companion",
  publisher =    "Addison-Wesley Publishing Company",
  address =      "Reading, MA",
  PAGES =        "112--125",
  year =         1994,
}

@article{ELIDRISSI94,
  author =       "{Chafik El Idrissi}, M. and {Roney}, A. and {Frigon}, C. and
                  {Larzilli{\`e}re}, M.",
  title =        "Measurements of total kinetic-energy released to the {$N=2$}
                  dissociation limit of {H}$_2$ --- evidence of the dissociation
                  of very high vibrational {R}ydberg states of {H}$_2$ by
                  doubly-excited states",
  journal =      "Chemical Physics Letters",
  pages =        "260-266",
  volume =       224,
  number =       10,
  year =         1994,
}

@article{MELLINGER96,
  author =       "Mellinger, A. and Vidal, C. R. and Jungen, Ch.",
  title =        "Laser reduced fluorescence study of the carbon-monoxide nd
                  triplet {R}ydberg series-experimental results and multichannel
                  quantum-defect analysis",
  journal =      "J. Chem. Phys.",
  pages =        "8913-8921",
  volume =       104,
  number =       5,
  year =         1996,
}

@article{SHELL02,
  author =       "Michael Shell",
  title =        "How to Use the {IEEEtran \LaTeX} Class",
  journal =      "Journal of {\LaTeX} Class Files",
  year =         2002,
  volume =       12,
  number =       4,
  pages =        "100--120"
}

@TechReport{NPB2,
  title =        {The {NAS} Parallel Benchmarks 2.0},
  author =       {Alex Woo and David Bailey and Maurice Yarrow and Wijngaart
                  Wijngaart and Tim Harris and William Saphir},
  year =         1995,
  month =        dec # "~05",
  institution =  "The Pennsylvania State University CiteSeer Archives",
  url =          "http://www.nasa.org/"
}

@inproceedings{DPMG,
  author =       {Kim, Sangbum and Woo, Namyoon and Yeom, Heon Y. and Park,
                  Taesoon and Park, Hyoungwoo},
  title =        {Design and {I}mplementation of {D}ynamic {P}rocess
                  {M}anagement for {G}rid-enabled {MPICH}},
  booktitle =    {the 10th European PVM/MPI Users' Group Conference},
  year =         2003,
  address =      {Venice, Italy},
  month =        sep,
}

@inproceedings{cnproceed,
  author =       {王重阳 and 黄药师 and 欧阳峰 and 洪七公 and 段皇帝},
  title =        {武林高手从入门到精通},
  booktitle =    {第~$N$~次华山论剑},
  year =         2006,
  address =      {西安, 中国},
  month =        sep,
  lang =         "zh",
}

@article{cnarticle,
  author =       "贾宝玉 and 林黛玉 and 薛宝钗 and 贾探春",
  title =        "论刘姥姥食量大如牛之现实意义",
  journal =      "红楼梦杂谈",
  pages =        "260--266",
  volume =       224,
  year =         1800,
  lang =         "zh",
}

@mastersthesis{zhubajie,
  author =       {八戒},
  title =        {论流体食物的持久保存},
  school =       {广寒宫大学},
  year =         2005,
  address =      {北京},
  lang =         "zh",
}

@phdthesis{shaheshang,
  author =       {沙和尚},
  title =        {论流沙河的综合治理},
  school =       {清华大学},
  year =         2005,
  address =      {北京},
  lang =         "zh",
}

@mastersthesis{metamori2004,
  author =       {Ashwin Raju Jeyakumar},
  title =        {Metamori: A library for Incremental File Checkpointing},
  school =       {Virgina Tech},
  year =         2004,
  month =        jun # "~21",
  address =      {Blacksburg},
}

@phdthesis{FistSystem01,
  author =       "Erez Zadok",
  title =        "{FiST: A System for Stackable File System Code Generation}",
  year =         2001,
  month =        "May",
  school =       "Computer Science Department, Columbia University",
  address =      "USA"
}

@inbook{ColdSources,
  author =       {P. Gr{\"o}ning and L. Nilsson and P. Ruffieux and R.
                  Clergereaux and O. Gr{\"o}ning},
  title =        {Encyclopedia of Nanoscience and Nanotechnology},
  pages =        {547--579},
  publisher =    {American Scientific Publishers},
  year =         2004,
  volume =       1,
}

@online{chuban2001,
  author =      {萧钰},
  title =       {出版业信息化迈入快车道},
  modifydate =  {2001-12-19},
  citedate =    {2002-04-15},
  url =         {http://www.creader.com/news/200112190019.htm},
  lang =        {zh},
}

@online{oclc2000,
  author =      {{Online Computer Library Center, Inc.}},
  title =       {History of {OCLC}},
  citedate =    {2000-01-08},
  url =         {http://www.oclc.org/about/history/default.htm},
}


@inproceedings{DBLP:conf/csl/LiuJO15,
  author    = {Jiaxiang Liu and
               Jean{-}Pierre Jouannaud and
               Mizuhito Ogawa},
  title     = {Confluence of Layered Rewrite Systems},
  booktitle = {24th {EACSL} Annual Conference on Computer Science Logic, {CSL} 2015,
               September 7-10, 2015, Berlin, Germany},
  pages     = {423--440},
  year      = {2015},
  crossref  = {DBLP:conf/csl/2015},
  url       = {http://dx.doi.org/10.4230/LIPIcs.CSL.2015.423},
  doi       = {10.4230/LIPIcs.CSL.2015.423},
  timestamp = {Mon, 14 Sep 2015 16:03:03 +0200},
  biburl    = {http://dblp.uni-trier.de/rec/bib/conf/csl/LiuJO15},
  bibsource = {dblp computer science bibliography, http://dblp.org}
}

@proceedings{DBLP:conf/csl/2015,
  editor    = {Stephan Kreutzer},
  title     = {24th {EACSL} Annual Conference on Computer Science Logic, {CSL} 2015,
               September 7-10, 2015, Berlin, Germany},
  series    = {LIPIcs},
  volume    = {41},
  publisher = {Schloss Dagstuhl - Leibniz-Zentrum fuer Informatik},
  year      = {2015},
  url       = {http://www.dagstuhl.de/dagpub/978-3-939897-90-3},
  isbn      = {978-3-939897-90-3},
  timestamp = {Mon, 14 Sep 2015 16:03:03 +0200},
  biburl    = {http://dblp.uni-trier.de/rec/bib/conf/csl/2015},
  bibsource = {dblp computer science bibliography, http://dblp.org}
}

@inproceedings{DBLP:conf/birthday/LiuJ14,
  author    = {Jiaxiang Liu and
               Jean{-}Pierre Jouannaud},
  title     = {Confluence: The Unifying, Expressive Power of Locality},
  booktitle = {Specification, Algebra, and Software - Essays Dedicated to Kokichi
               Futatsugi},
  pages     = {337--358},
  year      = {2014},
  crossref  = {DBLP:conf/birthday/2014futatsugi},
  url       = {http://dx.doi.org/10.1007/978-3-642-54624-2_17},
  doi       = {10.1007/978-3-642-54624-2_17},
  timestamp = {Wed, 09 Apr 2014 10:10:58 +0200},
  biburl    = {http://dblp.uni-trier.de/rec/bib/conf/birthday/LiuJ14},
  bibsource = {dblp computer science bibliography, http://dblp.org}
}

@proceedings{DBLP:conf/birthday/2014futatsugi,
  editor    = {Shusaku Iida and
               Jos{\'{e}} Meseguer and
               Kazuhiro Ogata},
  title     = {Specification, Algebra, and Software - Essays Dedicated to Kokichi
               Futatsugi},
  series    = {Lecture Notes in Computer Science},
  volume    = {8373},
  publisher = {Springer},
  year      = {2014},
  url       = {http://dx.doi.org/10.1007/978-3-642-54624-2},
  doi       = {10.1007/978-3-642-54624-2},
  isbn      = {978-3-642-54623-5},
  timestamp = {Wed, 09 Apr 2014 10:03:48 +0200},
  biburl    = {http://dblp.uni-trier.de/rec/bib/conf/birthday/2014futatsugi},
  bibsource = {dblp computer science bibliography, http://dblp.org}
}

@inproceedings{DBLP:conf/rta/LiuDJ14,
  author    = {Jiaxiang Liu and
               Nachum Dershowitz and
               Jean{-}Pierre Jouannaud},
  title     = {Confluence by Critical Pair Analysis},
  booktitle = {Rewriting and Typed Lambda Calculi - Joint International Conference,
               {RTA-TLCA} 2014, Held as Part of the Vienna Summer of Logic, {VSL}
               2014, Vienna, Austria, July 14-17, 2014. Proceedings},
  pages     = {287--302},
  year      = {2014},
  crossref  = {DBLP:conf/rta/2014},
  url       = {http://dx.doi.org/10.1007/978-3-319-08918-8_20},
  doi       = {10.1007/978-3-319-08918-8_20},
  timestamp = {Wed, 02 Jul 2014 14:41:28 +0200},
  biburl    = {http://dblp.uni-trier.de/rec/bib/conf/rta/LiuDJ14},
  bibsource = {dblp computer science bibliography, http://dblp.org}
}

@proceedings{DBLP:conf/rta/2014,
  editor    = {Gilles Dowek},
  title     = {Rewriting and Typed Lambda Calculi - Joint International Conference,
               {RTA-TLCA} 2014, Held as Part of the Vienna Summer of Logic, {VSL}
               2014, Vienna, Austria, July 14-17, 2014. Proceedings},
  series    = {Lecture Notes in Computer Science},
  volume    = {8560},
  publisher = {Springer},
  year      = {2014},
  url       = {http://dx.doi.org/10.1007/978-3-319-08918-8},
  doi       = {10.1007/978-3-319-08918-8},
  isbn      = {978-3-319-08917-1},
  timestamp = {Wed, 02 Jul 2014 14:41:28 +0200},
  biburl    = {http://dblp.uni-trier.de/rec/bib/conf/rta/2014},
  bibsource = {dblp computer science bibliography, http://dblp.org}
}

@article{DBLP:journals/tcs/JouannaudL12,
  author    = {Jean{-}Pierre Jouannaud and
               Jiaxiang Liu},
  title     = {From diagrammatic confluence to modularity},
  journal   = {Theoretical Computer Science},
  volume    = {464},
  pages     = {20--34},
  year      = {2012},
  url       = {http://dx.doi.org/10.1016/j.tcs.2012.08.030},
  doi       = {10.1016/j.tcs.2012.08.030},
  timestamp = {Sat, 10 Nov 2012 19:14:23 +0100},
  biburl    = {http://dblp.uni-trier.de/rec/bib/journals/tcs/JouannaudL12},
  bibsource = {dblp computer science bibliography, http://dblp.org}
}

@ARTICLE{tie/Liu, 
author={J. Liu and M. Zhou and X. Song and M. Gu and J. Sun}, 
journal={IEEE Transactions on Industrial Electronics}, 
title={Formal Modeling and Verification of a Rate-Monotonic Scheduling Implementation with {Real-Time Maude}}, 
year={2016}, 
volume={PP}, 
number={99}, 
pages={1-1}, 
keywords={Analytical models;Job shop scheduling;Mathematical model;Object oriented modeling;Real-time systems;Schedules;Scheduling algorithms;Embedded systems;formal verification;modeling;real-time systems;rewriting logic;scheduling}, 
doi={10.1109/TIE.2016.2633476}, 
ISSN={0278-0046}, 
month={}
}

@book{Kaye1991-KAYMOP,
	author = {Richard Kaye},
	publisher = {Clarendon Press},
	title = {Models of Peano Arithmetic},
	year = {1991}
}

@inproceedings{DBLP:conf/rta/Dauchet89,
  author    = {Max Dauchet},
  title     = {Simulation of Turning Machines by a Left-Linear Rewrite Rule},
  booktitle = {Rewriting Techniques and Applications, 3rd International Conference,
               RTA-89, Chapel Hill, North Carolina, USA, April 3-5, 1989, Proceedings},
  pages     = {109--120},
  year      = {1989},
  crossref  = {DBLP:conf/rta/1989},
  url       = {http://dx.doi.org/10.1007/3-540-51081-8_103},
  doi       = {10.1007/3-540-51081-8_103},
  timestamp = {Wed, 23 Sep 2009 10:33:29 +0200},
  biburl    = {http://dblp.uni-trier.de/rec/bib/conf/rta/Dauchet89},
  bibsource = {dblp computer science bibliography, http://dblp.org}
}

@proceedings{DBLP:conf/rta/1989,
  editor    = {Nachum Dershowitz},
  title     = {Rewriting Techniques and Applications, 3rd International Conference,
               RTA-89, Chapel Hill, North Carolina, USA, April 3-5, 1989, Proceedings},
  series    = {Lecture Notes in Computer Science},
  volume    = {355},
  publisher = {Springer},
  year      = {1989},
  isbn      = {3-540-51081-8},
  timestamp = {Wed, 13 Mar 2002 10:42:07 +0100},
  biburl    = {http://dblp.uni-trier.de/rec/bib/conf/rta/1989},
  bibsource = {dblp computer science bibliography, http://dblp.org}
}

@TechReport{tech1978, 
  author = {G{\'{e}}rard Huet and D. Lankford},
  title = {On the Uniform Halting Problem for Term Rewriting Systems},
  institution = "IRIA, Rocquencourt, France",
  year = 1978,
  type = "Rapport Laboria",
  number = "283"
}

@article{DBLP:journals/tcs/Lescanne94,
  author    = {Pierre Lescanne},
  title     = {On Termination of One Rule Rewrite Systems},
  journal   = {Theor. Comput. Sci.},
  volume    = {132},
  number    = {2},
  pages     = {395--401},
  year      = {1994},
  url       = {http://dx.doi.org/10.1016/0304-3975(94)00029-8},
  doi       = {10.1016/0304-3975(94)00029-8},
  timestamp = {Wed, 07 Sep 2011 12:13:22 +0200},
  biburl    = {http://dblp.uni-trier.de/rec/bib/journals/tcs/Lescanne94},
  bibsource = {dblp computer science bibliography, http://dblp.org}
}

@inproceedings{DBLP:conf/tlca/JouannaudL15,
  author    = {Jean{-}Pierre Jouannaud and
               Jianqi Li},
  title     = {Termination of Dependently Typed Rewrite Rules},
  booktitle = {13th International Conference on Typed Lambda Calculi and Applications,
               {TLCA} 2015, July 1-3, 2015, Warsaw, Poland},
  pages     = {257--272},
  year      = {2015},
  crossref  = {DBLP:conf/tlca/2015},
  url       = {http://dx.doi.org/10.4230/LIPIcs.TLCA.2015.257},
  doi       = {10.4230/LIPIcs.TLCA.2015.257},
  timestamp = {Tue, 05 Apr 2016 18:11:35 +0200},
  biburl    = {http://dblp.uni-trier.de/rec/bib/conf/tlca/JouannaudL15},
  bibsource = {dblp computer science bibliography, http://dblp.org}
}

@proceedings{DBLP:conf/tlca/2015,
  editor    = {Thorsten Altenkirch},
  title     = {13th International Conference on Typed Lambda Calculi and Applications,
               {TLCA} 2015, July 1-3, 2015, Warsaw, Poland},
  series    = {LIPIcs},
  volume    = {38},
  publisher = {Schloss Dagstuhl - Leibniz-Zentrum fuer Informatik},
  year      = {2015},
  url       = {http://www.dagstuhl.de/dagpub/978-3-939897-87-3},
  isbn      = {978-3-939897-87-3},
  timestamp = {Tue, 05 Apr 2016 18:11:35 +0200},
  biburl    = {http://dblp.uni-trier.de/rec/bib/conf/tlca/2015},
  bibsource = {dblp computer science bibliography, http://dblp.org}
}

@article{DBLP:journals/iandc/GeserHWZ07,
  author    = {Alfons Geser and
               Dieter Hofbauer and
               Johannes Waldmann and
               Hans Zantema},
  title     = {On tree automata that certify termination of left-linear term rewriting
               systems},
  journal   = {Inf. Comput.},
  volume    = {205},
  number    = {4},
  pages     = {512--534},
  year      = {2007},
  url       = {http://dx.doi.org/10.1016/j.ic.2006.08.007},
  doi       = {10.1016/j.ic.2006.08.007},
  timestamp = {Tue, 19 Jun 2007 11:17:35 +0200},
  biburl    = {http://dblp.uni-trier.de/rec/bib/journals/iandc/GeserHWZ07},
  bibsource = {dblp computer science bibliography, http://dblp.org}
}

@article{DBLP:journals/tcs/Payet08,
  author    = {{\'{E}}tienne Payet},
  title     = {Loop detection in term rewriting using the eliminating unfoldings},
  journal   = {Theor. Comput. Sci.},
  volume    = {403},
  number    = {2-3},
  pages     = {307--327},
  year      = {2008},
  url       = {http://dx.doi.org/10.1016/j.tcs.2008.05.013},
  doi       = {10.1016/j.tcs.2008.05.013},
  timestamp = {Thu, 21 Aug 2008 09:07:25 +0200},
  biburl    = {http://dblp.uni-trier.de/rec/bib/journals/tcs/Payet08},
  bibsource = {dblp computer science bibliography, http://dblp.org}
}
@inproceedings{DBLP:conf/rta/Giesl95,
  author    = {J{\"{u}}rgen Giesl},
  title     = {Generating Polynomial Orderings for Termination Proofs},
  booktitle = {Rewriting Techniques and Applications, 6th International Conference,
               RTA-95, Kaiserslautern, Germany, April 5-7, 1995, Proceedings},
  pages     = {426--431},
  year      = {1995},
  crossref  = {DBLP:conf/rta/1995},
  url       = {http://dx.doi.org/10.1007/3-540-59200-8_77},
  doi       = {10.1007/3-540-59200-8_77},
  timestamp = {Wed, 23 Sep 2009 11:20:15 +0200},
  biburl    = {http://dblp.uni-trier.de/rec/bib/conf/rta/Giesl95},
  bibsource = {dblp computer science bibliography, http://dblp.org}
}

@proceedings{DBLP:conf/rta/1995,
  editor    = {Jieh Hsiang},
  title     = {Rewriting Techniques and Applications, 6th International Conference,
               RTA-95, Kaiserslautern, Germany, April 5-7, 1995, Proceedings},
  series    = {Lecture Notes in Computer Science},
  volume    = {914},
  publisher = {Springer},
  year      = {1995},
  isbn      = {3-540-59200-8},
  timestamp = {Wed, 13 Mar 2002 10:32:16 +0100},
  biburl    = {http://dblp.uni-trier.de/rec/bib/conf/rta/1995},
  bibsource = {dblp computer science bibliography, http://dblp.org}
}

@InCollection{ terese,
	author = "Terese",
	booktitle = "Cambridge Tracts in Theoretical Computer Science (Jan Willem Klop et al editors)",
	title = "Term Rewriting Systems",
	volume = "55",
	publisher = "Cambridge University Press",
	year = "2003"
}

@article{DBLP:journals/ipl/Jacquemard03,
  author    = {Florent Jacquemard},
  title     = {Reachability and confluence are undecidable for flat term rewriting
               systems},
  journal   = {Inf. Process. Lett.},
  volume    = {87},
  number    = {5},
  pages     = {265--270},
  year      = {2003},
  url       = {http://dx.doi.org/10.1016/S0020-0190(03)00310-7},
  doi       = {10.1016/S0020-0190(03)00310-7},
  timestamp = {Tue, 25 Nov 2003 15:49:42 +0100},
  biburl    = {http://dblp.uni-trier.de/rec/bib/journals/ipl/Jacquemard03},
  bibsource = {dblp computer science bibliography, http://dblp.org}
}

@Article{ newman42,
	author = "M. H. A. Newman",
	title = "On theories with a combinatorial definition of `equivalence'",
	journal = "Ann. Math.",
	year = 1942,
	volume = 43,
	number = 2,
	topics = "rewriting",
	pages = "223--243"
}

@phdthesis{hindley1964church,
  title={The {Church-Rosser} property and a result in combinatory logic},
  author={Hindley, James Roger},
  year={1964},
  school={University of Newcastle upon Tyne}
}

@Article{ DBLP:journals/jacm/Rosen73,
	author = "Barry K. Rosen",
	title = "Tree-Manipulating Systems and {Church-Rosser} Theorems",
	journal = "J. ACM",
	volume = "20",
	number = "1",
	year = "1973",
	pages = "160--187",
	ee = "db/journals/jacm/Rosen73.html, http://doi.acm.org/10.1145/321738.321750",
	bibsource = "DBLP, http://dblp.uni-trier.de"
}

@InCollection{ knuth70,
	author = "Donald E. Knuth and Peter B. Bendix",
	topics = "rewriting",
	title = "Simple word problems in universal algebras",
	booktitle = "Computational Problems in Abstract Algebra",
	publisher = "Elsevier",
	year = 1970,
	editor = "J. Leech",
	pages = "263--297"
}

@InProceedings{ DBLP:conf/rta/Oostrom08,
	author = "Vincent van Oostrom",
	title = "Confluence by Decreasing Diagrams converted",
	booktitle = "RTA",
	year = "2008",
	pages = "306--320",
	ee = "http://dx.doi.org/10.1007/978-3-540-70590-1\_21",
	crossref = "DBLP:conf/rta/2008",
	bibsource = "DBLP, http://dblp.uni-trier.de"
}

@Proceedings{ DBLP:conf/rta/2008,
	editor = "Andrei Voronkov",
	title = "Rewriting Techniques and Applications, 19th International Conference, RTA 2008, Hagenberg, Austria, July 15-17, 2008, Proceedings",
	booktitle = "RTA",
	publisher = "Springer",
	series = "LNCS",
	volume = "5117",
	year = "2008",
	isbn = "978-3-540-70588-8",
	bibsource = "DBLP, http://dblp.uni-trier.de"
}

@article{DBLP:journals/jar/ZanklFM15,
  author    = {Harald Zankl and
               Bertram Felgenhauer and
               Aart Middeldorp},
  title     = {Labelings for Decreasing Diagrams},
  journal   = {J. Autom. Reasoning},
  volume    = {54},
  number    = {2},
  pages     = {101--133},
  year      = {2015},
  url       = {http://dx.doi.org/10.1007/s10817-014-9316-y},
  doi       = {10.1007/s10817-014-9316-y},
  timestamp = {Wed, 07 Jan 2015 11:24:17 +0100},
  biburl    = {http://dblp.uni-trier.de/rec/bib/journals/jar/ZanklFM15},
  bibsource = {dblp computer science bibliography, http://dblp.org}
}

@inproceedings{DBLP:conf/cade/JouannaudM84,
  author    = {Jean{-}Pierre Jouannaud and
               Miguel Mu{\~n}oz},
  title     = {Termination of a Set of Rules Modulo a Set of Equations},
  booktitle = {7th International Conference on Automated Deduction, Napa, California,
               USA, May 14-16, 1984, Proceedings},
  pages     = {175--193},
  year      = {1984},
  crossref  = {DBLP:conf/cade/1984},
  url       = {http://dx.doi.org/10.1007/BFb0047121},
  doi       = {10.1007/BFb0047121},
  timestamp = {Mon, 12 Oct 2009 12:00:41 +0200},
  biburl    = {http://dblp.uni-trier.de/rec/bib/conf/cade/JouannaudM84},
  bibsource = {dblp computer science bibliography, http://dblp.org}
}

@proceedings{DBLP:conf/cade/1984,
  editor    = {Robert E. Shostak},
  title     = {7th International Conference on Automated Deduction, Napa, California,
               USA, May 14-16, 1984, Proceedings},
  series    = {Lecture Notes in Computer Science},
  volume    = {170},
  publisher = {Springer},
  year      = {1984},
  isbn      = {3-540-96022-8},
  timestamp = {Tue, 05 Feb 2002 13:54:55 +0100},
  biburl    = {http://dblp.uni-trier.de/rec/bib/conf/cade/1984},
  bibsource = {dblp computer science bibliography, http://dblp.org}
}

@article{DBLP:journals/tcs/JouannaudM92,
  author    = {Jean{-}Pierre Jouannaud and
               Claude March{\'{e}}},
  title     = {Termination and Completion Modulo Associativity, Commutativity and
               Identity},
  journal   = {Theor. Comput. Sci.},
  volume    = {104},
  number    = {1},
  pages     = {29--51},
  year      = {1992},
  url       = {http://dx.doi.org/10.1016/0304-3975(92)90165-C},
  doi       = {10.1016/0304-3975(92)90165-C},
  timestamp = {Wed, 07 Sep 2011 12:13:21 +0200},
  biburl    = {http://dblp.uni-trier.de/rec/bib/journals/tcs/JouannaudM92},
  bibsource = {dblp computer science bibliography, http://dblp.org}
}

@article{DBLP:journals/ijsi/JouannaudT08,
  author    = {Jean{-}Pierre Jouannaud and
               Yoshihito Toyama},
  title     = {Modular {Church-Rosser} Modulo: The Complete Picture},
  journal   = {Int. J. Software and Informatics},
  volume    = {2},
  number    = {1},
  pages     = {61--75},
  year      = {2008},
  url       = {http://www.ijsi.org/ch/reader/view_abstract.aspx?file_no=200861&flag=1},
  timestamp = {Wed, 30 Jan 2013 14:41:57 +0100},
  biburl    = {http://dblp.uni-trier.de/rec/bib/journals/ijsi/JouannaudT08},
  bibsource = {dblp computer science bibliography, http://dblp.org}
}

@inproceedings{DBLP:conf/rta/Jouannaud06,
  author    = {Jean{-}Pierre Jouannaud},
  title     = {Modular {Church-Rosser} Modulo},
  booktitle = {Term Rewriting and Applications, 17th International Conference, {RTA}
               2006, Seattle, WA, USA, August 12-14, 2006, Proceedings},
  pages     = {96--107},
  year      = {2006},
  crossref  = {DBLP:conf/rta/2006},
  url       = {http://dx.doi.org/10.1007/11805618_8},
  doi       = {10.1007/11805618_8},
  timestamp = {Tue, 22 Aug 2006 10:57:09 +0200},
  biburl    = {http://dblp.uni-trier.de/rec/bib/conf/rta/Jouannaud06},
  bibsource = {dblp computer science bibliography, http://dblp.org}
}

@proceedings{DBLP:conf/rta/2006,
  editor    = {Frank Pfenning},
  title     = {Term Rewriting and Applications, 17th International Conference, {RTA}
               2006, Seattle, WA, USA, August 12-14, 2006, Proceedings},
  series    = {Lecture Notes in Computer Science},
  volume    = {4098},
  publisher = {Springer},
  year      = {2006},
  isbn      = {3-540-36834-5},
  timestamp = {Tue, 22 Aug 2006 10:57:09 +0200},
  biburl    = {http://dblp.uni-trier.de/rec/bib/conf/rta/2006},
  bibsource = {dblp computer science bibliography, http://dblp.org}
}

@article{DBLP:journals/siamcomp/JouannaudK86,
  author    = {Jean{-}Pierre Jouannaud and
               H{\'{e}}l{\`{e}}ne Kirchner},
  title     = {Completion of a Set of Rules Modulo a Set of Equations},
  journal   = {{SIAM} J. Comput.},
  volume    = {15},
  number    = {4},
  pages     = {1155--1194},
  year      = {1986},
  url       = {http://dx.doi.org/10.1137/0215084},
  doi       = {10.1137/0215084},
  timestamp = {Tue, 01 Feb 2011 14:01:33 +0100},
  biburl    = {http://dblp.uni-trier.de/rec/bib/journals/siamcomp/JouannaudK86},
  bibsource = {dblp computer science bibliography, http://dblp.org}
}

@book{brand1978completeness,
  title={Completeness of conditional reductions},
  author={Brand, Daniel and Darringer, John A and Joyner, William H},
  year={1978},
  publisher={IBM Research Division}
}

@article{DBLP:journals/jcss/BergstraK86,
  author    = {Jan A. Bergstra and
               Jan Willem Klop},
  title     = {Conditional Rewrite Rules: Confluence and Termination},
  journal   = {J. Comput. Syst. Sci.},
  volume    = {32},
  number    = {3},
  pages     = {323--362},
  year      = {1986},
  url       = {http://dx.doi.org/10.1016/0022-0000(86)90033-4},
  doi       = {10.1016/0022-0000(86)90033-4},
  timestamp = {Tue, 05 Jul 2011 11:10:42 +0200},
  biburl    = {http://dblp.uni-trier.de/rec/bib/journals/jcss/BergstraK86},
  bibsource = {dblp computer science bibliography, http://dblp.org}
}

@inproceedings{DBLP:conf/cade/DershowitzOS88,
  author    = {Nachum Dershowitz and
               Mitsuhiro Okada and
               G. Sivakumar},
  title     = {Canonical Conditional Rewrite Systems},
  booktitle = {9th International Conference on Automated Deduction, Argonne, Illinois,
               USA, May 23-26, 1988, Proceedings},
  pages     = {538--549},
  year      = {1988},
  crossref  = {DBLP:conf/cade/1988},
  url       = {http://dx.doi.org/10.1007/BFb0012855},
  doi       = {10.1007/BFb0012855},
  timestamp = {Mon, 12 Oct 2009 12:48:51 +0200},
  biburl    = {http://dblp.uni-trier.de/rec/bib/conf/cade/DershowitzOS88},
  bibsource = {dblp computer science bibliography, http://dblp.org}
}

@proceedings{DBLP:conf/cade/1988,
  editor    = {Ewing L. Lusk and
               Ross A. Overbeek},
  title     = {9th International Conference on Automated Deduction, Argonne, Illinois,
               USA, May 23-26, 1988, Proceedings},
  series    = {Lecture Notes in Computer Science},
  volume    = {310},
  publisher = {Springer},
  year      = {1988},
  isbn      = {3-540-19343-X},
  timestamp = {Tue, 05 Feb 2002 13:48:18 +0100},
  biburl    = {http://dblp.uni-trier.de/rec/bib/conf/cade/1988},
  bibsource = {dblp computer science bibliography, http://dblp.org}
}

@article{DBLP:journals/tcs/DershowitzO90,
  author    = {Nachum Dershowitz and
               Mitsuhiro Okada},
  title     = {A Rationale for Conditional Equational Programming},
  journal   = {Theor. Comput. Sci.},
  volume    = {75},
  number    = {1{\&}2},
  pages     = {111--138},
  year      = {1990},
  url       = {http://dx.doi.org/10.1016/0304-3975(90)90064-O},
  doi       = {10.1016/0304-3975(90)90064-O},
  timestamp = {Wed, 07 Sep 2011 12:13:21 +0200},
  biburl    = {http://dblp.uni-trier.de/rec/bib/journals/tcs/DershowitzO90},
  bibsource = {dblp computer science bibliography, http://dblp.org}
}

@inproceedings{DBLP:conf/rta/BertlingG89,
  author    = {Hubert Bertling and
               Harald Ganzinger},
  title     = {Completion-Time Optimization of Rewrite-Time Goal Solving},
  booktitle = {Rewriting Techniques and Applications, 3rd International Conference,
               RTA-89, Chapel Hill, North Carolina, USA, April 3-5, 1989, Proceedings},
  pages     = {45--58},
  year      = {1989},
  crossref  = {DBLP:conf/rta/1989},
  url       = {http://dx.doi.org/10.1007/3-540-51081-8_99},
  doi       = {10.1007/3-540-51081-8_99},
  timestamp = {Wed, 23 Sep 2009 10:33:29 +0200},
  biburl    = {http://dblp.uni-trier.de/rec/bib/conf/rta/BertlingG89},
  bibsource = {dblp computer science bibliography, http://dblp.org}
}

@article{DBLP:journals/jacm/LiuL73,
  author    = {C. L. Liu and
               James W. Layland},
  title     = {Scheduling Algorithms for Multiprogramming in a Hard-Real-Time Environment},
  journal   = {J. {ACM}},
  volume    = {20},
  number    = {1},
  pages     = {46--61},
  year      = {1973},
  month     = {January},
  address = {New York, NY, USA},  
  doi       = {10.1145/321738.321743},
  timestamp = {Thu, 26 Jan 2012 17:31:31 +0100},
  biburl    = {http://dblp.uni-trier.de/rec/bib/journals/jacm/LiuL73},
  bibsource = {dblp computer science bibliography, http://dblp.org}
}

@inproceedings{DBLP:conf/rtss/LehoczkySS87,
  author    = {John P. Lehoczky and
               Lui Sha and
               Jay K. Strosnider},
  title     = {Enhanced Aperiodic Responsiveness in Hard Real-Time Environments},
  booktitle = {Proc. Real-Time Systems Symposium ({RTSS} '87)},
  pages     = {261--270},
  year      = {1987},
  month     = {December},
  crossref  = {DBLP:conf/rtss/1987},
  timestamp = {Wed, 23 Jan 2013 07:55:26 +0100},
  biburl    = {http://dblp.uni-trier.de/rec/bib/conf/rtss/LehoczkySS87},
  bibsource = {dblp computer science bibliography, http://dblp.org}
}

@proceedings{DBLP:conf/rtss/1987,
  title     = {Proc. Real-Time Systems Symposium ({RTSS} '87)},
  year      = {1987},
  month     = {December},
  isbn      = {0-8186-0815-3},
  timestamp = {Wed, 23 Jan 2013 07:55:26 +0100},
  biburl    = {http://dblp.uni-trier.de/rec/bib/conf/rtss/1987},
  bibsource = {dblp computer science bibliography, http://dblp.org}
}

@article{DBLP:journals/rts/SpruntSL89,
  author    = {Brinkley Sprunt and
               Lui Sha and
               John P. Lehoczky},
  title     = {Aperiodic Task Scheduling for Hard Real-Time Systems},
  journal   = {Real-Time Systems},
  volume    = {1},
  number    = {1},
  pages     = {27--60},
  year      = {1989},
  month     = {June},
  doi       = {10.1007/BF02341920},
  timestamp = {Fri, 03 Jun 2011 16:03:39 +0200},
  biburl    = {http://dblp.uni-trier.de/rec/bib/journals/rts/SpruntSL89},
  bibsource = {dblp computer science bibliography, http://dblp.org}
}

@inproceedings{DBLP:conf/rtss/LehoczkyR92,
  author    = {John P. Lehoczky and
               S. Ramos{-}Thuel},
  title     = {An optimal algorithm for scheduling soft-aperiodic tasks in fixed-priority
               preemptive systems},
  booktitle = {Proc. Real-Time Systems Symposium ({RTSS} '92)},
  pages     = {110--123},
  year      = {1992},
  month     = {Dec},
  crossref  = {DBLP:conf/rtss/1992},
  doi       = {10.1109/REAL.1992.242671},
  timestamp = {Tue, 20 Jan 2015 18:19:00 +0100},
  biburl    = {http://dblp.uni-trier.de/rec/bib/conf/rtss/LehoczkyR92},
  bibsource = {dblp computer science bibliography, http://dblp.org}
}

@proceedings{DBLP:conf/rtss/1992,
  title     = {Proc. Real-Time Systems Symposium ({RTSS} '92)},
  year      = {1992},
  month     = {Dec},
  isbn      = {0-8186-3195-3},
  timestamp = {Tue, 20 Jan 2015 18:19:00 +0100},
  biburl    = {http://dblp.uni-trier.de/rec/bib/conf/rtss/1992},
  bibsource = {dblp computer science bibliography, http://dblp.org}
}

@article{DBLP:journals/tc/StrosniderLS95,
  author    = {Jay K. Strosnider and
               John P. Lehoczky and
               Lui Sha},
  title     = {The Deferrable Server Algorithm for Enhanced Aperiodic Responsiveness
               in Hard Real-Time Environments},
  journal   = {{IEEE} Trans. Computers},
  volume    = {44},
  number    = {1},
  pages     = {73--91},
  year      = {1995},
  month     = {January},
  doi       = {10.1109/12.368008},
  timestamp = {Thu, 27 Oct 2011 17:40:04 +0200},
  biburl    = {http://dblp.uni-trier.de/rec/bib/journals/tc/StrosniderLS95},
  bibsource = {dblp computer science bibliography, http://dblp.org}
}

@article{DBLP:journals/pe/LeungW82,
  author    = {Joseph Y.{-}T. Leung and
               Jennifer Whitehead},
  title     = {On the complexity of fixed-priority scheduling of periodic, real-time
               tasks},
  journal   = {Perform. Eval.},
  volume    = {2},
  number    = {4},
  pages     = {237--250},
  year      = {1982},
  month     = {December},
  doi       = {10.1016/0166-5316(82)90024-4},
  timestamp = {Wed, 23 May 2012 21:22:58 +0200},
  biburl    = {http://dblp.uni-trier.de/rec/bib/journals/pe/LeungW82},
  bibsource = {dblp computer science bibliography, http://dblp.org}
}

@article{audsley1993deadline,
  title={Deadline monotonic scheduling theory and application},
  author={Audsley, N. C. and Burns, Alan and Wellings, A. J.},
  journal={Control Engineering Practice},
  volume={1},
  number={1},
  pages={71--78},
  year={1993},
  month={February},
  publisher={Elsevier}
}

@article{DBLP:journals/tc/ShaRL90,
  author    = {Lui Sha and
               Ragunathan Rajkumar and
               John P. Lehoczky},
  title     = {Priority Inheritance Protocols: An Approach to Real-Time Synchronization},
  journal   = {{IEEE} Trans. Computers},
  volume    = {39},
  number    = {9},
  pages     = {1175--1185},
  year      = {1990},
  month     = {September},
  doi       = {10.1109/12.57058},
  timestamp = {Thu, 27 Oct 2011 17:40:03 +0200},
  biburl    = {http://dblp.uni-trier.de/rec/bib/journals/tc/ShaRL90},
  bibsource = {dblp computer science bibliography, http://dblp.org}
}

@article{dhall1978real,
  title={On a real-time scheduling problem},
  author={Dhall, Sudarshan K and Liu, C. L.},
  journal={Operations Research},
  volume={26},
  number={1},
  pages={127--140},
  year={1978},
  month={February},
  publisher={INFORMS}
}

@article{DBLP:journals/rts/LopezGDG03,
  author    = {Jos{\'{e}} Mar{\'{\i}}a L{\'{o}}pez and
               Manuel Garc{\'{\i}}a and
               Jos{\'{e}} Luis D{\'{\i}}az and
               Daniel F. Garc{\'{\i}}a},
  title     = {Utilization Bounds for Multiprocessor Rate-Monotonic Scheduling},
  journal   = {Real-Time Systems},
  volume    = {24},
  number    = {1},
  pages     = {5--28},
  year      = {2003},
  month     = {January},
  doi       = {10.1023/A:1021749005009},
  timestamp = {Fri, 03 Jun 2011 16:03:57 +0200},
  biburl    = {http://dblp.uni-trier.de/rec/bib/journals/rts/LopezGDG03},
  bibsource = {dblp computer science bibliography, http://dblp.org}
}

@article{DBLP:journals/tpds/LopezDG04,
  author    = {Jos{\'{e}} Mar{\'{\i}}a L{\'{o}}pez and
               Jos{\'{e}} Luis D{\'{\i}}az and
               Daniel F. Garc{\'{\i}}a},
  title     = {Minimum and Maximum Utilization Bounds for Multiprocessor Rate Monotonic
               Scheduling},
  journal   = "{IEEE} Trans. Parallel Distrib. Syst.",
  volume    = {15},
  number    = {7},
  pages     = {642--653},
  year      = {2004},
  month     = {July},
  doi       = {10.1109/TPDS.2004.25},
  timestamp = {Mon, 17 Jan 2005 15:08:47 +0100},
  biburl    = {http://dblp.uni-trier.de/rec/bib/journals/tpds/LopezDG04},
  bibsource = {dblp computer science bibliography, http://dblp.org}
}

@article{DBLP:journals/tc/BaruahG03,
  author    = {Sanjoy K. Baruah and
               Jo{\"{e}}l Goossens},
  title     = {Rate-Monotonic Scheduling on Uniform Multiprocessors},
  journal   = "{IEEE} Trans. Comput.",
  volume    = {52},
  number    = {7},
  pages     = {966--970},
  year      = {2003},
  month     = {July},
  doi       = {10.1109/TC.2003.1214344},
  timestamp = {Wed, 26 Oct 2011 12:01:25 +0200},
  biburl    = {http://dblp.uni-trier.de/rec/bib/journals/tc/BaruahG03},
  bibsource = {dblp computer science bibliography, http://dblp.org}
}

@article{DBLP:journals/rts/OhS94,
  author    = {Yingfeng Oh and
               Sang Hyuk Son},
  title     = {Enhancing Fault-Tolerance in Rate-Monotonic Scheduling},
  journal   = {Real-Time Systems},
  volume    = {7},
  number    = {3},
  pages     = {315--329},
  year      = {1994},
  month     = {November},
  doi       = {10.1007/BF01088524},
  timestamp = {Fri, 03 Jun 2011 16:03:45 +0200},
  biburl    = {http://dblp.uni-trier.de/rec/bib/journals/rts/OhS94},
  bibsource = {dblp computer science bibliography, http://dblp.org}
}

@article{DBLP:journals/rts/GhoshMMS98,
  author    = {Sunondo Ghosh and
               Rami G. Melhem and
               Daniel Moss{\'{e}} and
               Joydeep Sen Sarma},
  title     = {Fault-Tolerant Rate-Monotonic Scheduling},
  journal   = {Real-Time Systems},
  volume    = {15},
  number    = {2},
  pages     = {149--181},
  year      = {1998},
  month     = {September},
  doi       = {10.1023/A:1008046012844},
  timestamp = {Fri, 03 Jun 2011 16:03:50 +0200},
  biburl    = {http://dblp.uni-trier.de/rec/bib/journals/rts/GhoshMMS98},
  bibsource = {dblp computer science bibliography, http://dblp.org}
}

@article{DBLP:journals/tpds/BertossiMR99,
  author    = {Alan A. Bertossi and
               Luigi V. Mancini and
               Federico Rossini},
  title     = {Fault-Tolerant Rate-Monotonic First-Fit Scheduling in Hard-Real-Time
               Systems},
  journal   = "{IEEE} Trans. Parallel Distrib. Syst.",
  volume    = {10},
  number    = {9},
  pages     = {934--945},
  year      = {1999},
  month     = {September},
  doi       = {10.1109/71.798317},
  timestamp = {Thu, 03 Nov 2011 17:03:48 +0100},
  biburl    = {http://dblp.uni-trier.de/rec/bib/journals/tpds/BertossiMR99},
  bibsource = {dblp computer science bibliography, http://dblp.org}
}

@inproceedings{DBLP:conf/rtss/LehoczkySD89,
  author    = {John P. Lehoczky and
               Lui Sha and
               Y. Ding},
  title     = {The Rate Monotonic Scheduling Algorithm: Exact Characterization and
               Average Case Behavior},
  booktitle = {Proc. Real-Time Systems Symposium ({RTSS} '89)},
  pages     = {166--171},
  year      = {1989},
  month     = {December},
  crossref  = {DBLP:conf/rtss/1989},
  doi       = {10.1109/REAL.1989.63567},
  timestamp = {Tue, 20 Jan 2015 18:19:00 +0100},
  biburl    = {http://dblp.uni-trier.de/rec/bib/conf/rtss/LehoczkySD89},
  bibsource = {dblp computer science bibliography, http://dblp.org}
}

@proceedings{DBLP:conf/rtss/1989,
  title     = {Proc. Real-Time Systems Symposium ({RTSS} '89)},
  year      = {1989},
  month     = {December},  
  isbn      = {0-8186-2004-8},
  timestamp = {Tue, 20 Jan 2015 18:19:00 +0100},
  biburl    = {http://dblp.uni-trier.de/rec/bib/conf/rtss/1989},
  bibsource = {dblp computer science bibliography, http://dblp.org}
}

@inproceedings{DBLP:conf/rtss/KuoM91,
  author    = {Tei{-}Wei Kuo and
               Aloysius K. Mok},
  title     = {Load Adjustment in Adaptive Real-Time Systems},
  booktitle = {Proc. Real-Time Systems Symposium ({RTSS} '91)},
  pages     = {160--170},
  year      = {1991},
  month     = {December},
  crossref  = {DBLP:conf/rtss/1991},
  doi       = {10.1109/REAL.1991.160369},
  timestamp = {Tue, 20 Jan 2015 18:19:00 +0100},
  biburl    = {http://dblp.uni-trier.de/rec/bib/conf/rtss/KuoM91},
  bibsource = {dblp computer science bibliography, http://dblp.org}
}

@proceedings{DBLP:conf/rtss/1991,
  title     = {Proc. Real-Time Systems Symposium ({RTSS} '91)},
  year      = {1991},
  month     = {December},
  isbn      = {0-8186-2450-7},
  timestamp = {Tue, 20 Jan 2015 18:19:00 +0100},
  biburl    = {http://dblp.uni-trier.de/rec/bib/conf/rtss/1991},
  bibsource = {dblp computer science bibliography, http://dblp.org}
}

@article{DBLP:journals/tc/BiniBB03,
  author    = {Enrico Bini and
               Giorgio C. Buttazzo and
               Giuseppe M. Buttazzo},
  title     = {Rate Monotonic Analysis: The Hyperbolic Bound},
  journal   = "{IEEE} Trans. Comput.",
  volume    = {52},
  number    = {7},
  pages     = {933--942},
  year      = {2003},
  month     = {July},
  doi       = {10.1109/TC.2003.1214341},
  timestamp = {Fri, 31 Jan 2014 09:19:03 +0100},
  biburl    = {http://dblp.uni-trier.de/rec/bib/journals/tc/BiniBB03},
  bibsource = {dblp computer science bibliography, http://dblp.org}
}

@phdthesis{gardner1999,
  title={Probabilistic analysis and scheduling of critical soft real-time systems},
  author={Mark K. Gardner},
  year={1999},
  school={University of Illinois at Urbana-Champaign},
}

@article{DBLP:journals/iandc/MeseguerR13,
  author    = {Jos{\'{e}} Meseguer and
               Grigore Rosu},
  title     = {The rewriting logic semantics project: A progress report},
  journal   = {Inf. Comput.},
  volume    = {231},
  pages     = {38--69},
  year      = {2013},
  month     = {October},
  doi       = {10.1016/j.ic.2013.08.004},
  timestamp = {Thu, 09 Oct 2014 15:02:02 +0200},
  biburl    = {http://dblp.uni-trier.de/rec/bib/journals/iandc/MeseguerR13},
  bibsource = {dblp computer science bibliography, http://dblp.org}
}

@inproceedings{DBLP:conf/sosp/KleinEHACDEEKNSTW09,
  author    = {Gerwin Klein and
               Kevin Elphinstone and
               Gernot Heiser and
               June Andronick and
               David Cock and
               Philip Derrin and
               Dhammika Elkaduwe and
               Kai Engelhardt and
               Rafal Kolanski and
               Michael Norrish and
               Thomas Sewell and
               Harvey Tuch and
               Simon Winwood},
  title     = {{seL4}: formal verification of an {OS} kernel},
  booktitle = {Proc. {ACM} Symposium on Operating Systems Principles ({SOSP} '09)},
  pages     = {207--220},
  year      = {2009},
  month     = {October},
  crossref  = {DBLP:conf/sosp/2009},
  doi       = {10.1145/1629575.1629596},
  timestamp = {Mon, 22 Jun 2015 17:24:48 +0200},
  biburl    = {http://dblp.uni-trier.de/rec/bib/conf/sosp/KleinEHACDEEKNSTW09},
  bibsource = {dblp computer science bibliography, http://dblp.org}
}

@proceedings{DBLP:conf/sosp/2009,
  title     = {Proc. {ACM} Symposium on Operating Systems Principles ({SOSP} '09)},
  year      = {2009},
  month     = {October},
  doi       = {10.1145/1629575},
  isbn      = {978-1-60558-752-3},
  timestamp = {Mon, 22 Jun 2015 17:24:48 +0200},
  biburl    = {http://dblp.uni-trier.de/rec/bib/conf/sosp/2009},
  bibsource = {dblp computer science bibliography, http://dblp.org}
}

@inproceedings{DBLP:conf/iceccs/CuiDT14,
  author    = {Jin Cui and
               Zhenhua Duan and
               Cong Tian},
  title     = {Model Checking Rate-Monotonic Scheduler with {TMSVL}},
  booktitle = {Proc. International Conference on Engineering of Complex Computer
               Systems ({ICECCS} '14)},
  pages     = {202--205},
  year      = {2014},
  month     = {August},
  crossref  = {DBLP:conf/iceccs/2014},
  doi       = {10.1109/ICECCS.2014.37},
  timestamp = {Thu, 23 Apr 2015 17:57:22 +0200},
  biburl    = {http://dblp.uni-trier.de/rec/bib/conf/iceccs/CuiDT14},
  bibsource = {dblp computer science bibliography, http://dblp.org}
}

@proceedings{DBLP:conf/iceccs/2014,
  title     = {Proc. International Conference on Engineering of Complex Computer
               Systems ({ICECCS} '14)},
  year      = {2014},
  month     = {August},  
  isbn      = {978-1-4799-5482-7},
  timestamp = {Thu, 23 Apr 2015 17:57:18 +0200},
  biburl    = {http://dblp.uni-trier.de/rec/bib/conf/iceccs/2014},
  bibsource = {dblp computer science bibliography, http://dblp.org}
}

@article{TianD2011,
  title = {Model Checking Rate Monotonic Scheduling Algorithm Based on Propositional Projection Temporal Logic},
  author = {Cong Tian and
            Zhenhua Duan},
  journal = {Journal of Software},
  year = {2011},
  month = {February},
  doi = {10.3724/SP.J.1001.2011.03729},  
  volume = {22},
  number = {2},  
  pages = {211--221},
  note = {in {Chinese}}
}

@article{DBLP:journals/tse/KatcherAS93,
  author    = {Daniel I. Katcher and
               Hiroshi Arakawa and
               Jay K. Strosnider},
  title     = {Engineering and Analysis of Fixed Priority Schedulers},
  journal   = "{IEEE} Trans. Softw. Eng.",
  volume    = {19},
  number    = {9},
  pages     = {920--934},
  year      = {1993},
  month     = {September},
  doi       = {10.1109/32.241774},
  timestamp = {Mon, 07 Nov 2011 16:59:21 +0100},
  biburl    = {http://dblp.uni-trier.de/rec/bib/journals/tse/KatcherAS93},
  bibsource = {dblp computer science bibliography, http://dblp.org}
}

@article{DBLP:journals/jlp/Meseguer12,
  author    = {Jos{\'{e}} Meseguer},
  title     = {Twenty years of rewriting logic},
  journal   = {J. Log. Algebr. Program.},
  volume    = {81},
  number    = {7},
  pages     = {721--781},
  year      = {2012},
  month     = {October},
  doi       = {10.1016/j.jlap.2012.06.003},
  timestamp = {Thu, 22 Nov 2012 12:50:47 +0100},
  biburl    = {http://dblp.uni-trier.de/rec/bib/journals/jlp/Meseguer12},
  bibsource = {dblp computer science bibliography, http://dblp.org}
}


@article{DBLP:journals/lisp/OlveczkyM07,
  author    = {Peter Csaba {\"{O}}lveczky and
               Jos{\'{e}} Meseguer},
  title     = {Semantics and pragmatics of {Real-Time Maude}},
  journal   = {Higher-Order and Symbolic Computation},
  volume    = {20},
  number    = {1},
  pages     = {161--196},
  year      = {2007},
  month     = {June},
  doi       = {10.1007/s10990-007-9001-5},
  timestamp = {Tue, 18 Sep 2007 12:02:14 +0200},
  biburl    = {http://dblp.uni-trier.de/rec/bib/journals/lisp/OlveczkyM07},
  bibsource = {dblp computer science bibliography, http://dblp.org}
}

@article{DBLP:journals/entcs/OlveczkyM07a,
  author    = {Peter Csaba {\"{O}}lveczky and
               Jos{\'{e}} Meseguer},
  title     = {Abstraction and Completeness for {Real-Time Maude}},
  journal   = {Electr. Notes Theor. Comput. Sci.},
  volume    = {176},
  number    = {4},
  pages     = {5--27},
  year      = {2007},
  month     = {July},
  doi       = {10.1016/j.entcs.2007.06.005},
  timestamp = {Fri, 21 Sep 2007 12:20:16 +0200},
  biburl    = {http://dblp.uni-trier.de/rec/bib/journals/entcs/OlveczkyM07a},
  bibsource = {dblp computer science bibliography, http://dblp.org}
}

@article{DBLP:journals/tie/JiangZLDSGS15,
  author    = {Yu Jiang and
               Hehua Zhang and
               Zonghui Li and
               Yangdong Deng and
               Xiaoyu Song and
               Ming Gu and
               Jia{-}Guang Sun},
  title     = {Design and Optimization of Multiclocked Embedded Systems Using Formal
               Techniques},
  journal   = "{IEEE} Trans. Ind. Electron.",
  volume    = {62},
  number    = {2},
  pages     = {1270--1278},
  year      = {2015},
  month     = {February},
  doi       = {10.1109/TIE.2014.2316234},
  timestamp = {Wed, 09 Mar 2016 14:40:54 +0100},
  biburl    = {http://dblp.uni-trier.de/rec/bib/journals/tie/JiangZLDSGS15},
  bibsource = {dblp computer science bibliography, http://dblp.org}
}

@article{DBLP:journals/tcs/ClavelDELMMQ02,
  author    = {Manuel Clavel and
               Francisco Dur{\'{a}}n and
               Steven Eker and
               Patrick Lincoln and
               Narciso Mart{\'{\i}}{-}Oliet and
               Jos{\'{e}} Meseguer and
               Jose F. Quesada},
  title     = {{Maude}: specification and programming in rewriting logic},
  journal   = {Theor. Comput. Sci.},
  volume    = {285},
  number    = {2},
  pages     = {187--243},
  year      = {2002},
  month     = {August},
  doi       = {10.1016/S0304-3975(01)00359-0},
  timestamp = {Fri, 19 Dec 2003 10:09:00 +0100},
  biburl    = {http://dblp.uni-trier.de/rec/bib/journals/tcs/ClavelDELMMQ02},
  bibsource = {dblp computer science bibliography, http://dblp.org}
}

@inproceedings{DBLP:conf/icfem/HanDW12,
  author    = {Meng Han and
               Zhenhua Duan and
               Xiaobing Wang},
  title     = {Time Constraints with Temporal Logic Programming},
  booktitle = {Formal Methods and Software Engineering - Proc. International Conference
               on Formal Engineering Methods ({ICFEM} '12)},
  pages     = {266--282},
  year      = {2012},
  month     = {November},
  crossref  = {DBLP:conf/icfem/2012},
  doi       = {10.1007/978-3-642-34281-3\_20},
  timestamp = {Sat, 09 Mar 2013 16:54:49 +0100},
  biburl    = {http://dblp.uni-trier.de/rec/bib/conf/icfem/HanDW12},
  bibsource = {dblp computer science bibliography, http://dblp.org}
}

@proceedings{DBLP:conf/icfem/2012,
  title     = {Formal Methods and Software Engineering - Proc. International Conference
               on Formal Engineering Methods ({ICFEM} '12)},
  series    = {Lecture Notes in Computer Science},
  volume    = {7635},
  year      = {2012},
  month     = {November},
  doi       = {10.1007/978-3-642-34281-3},
  isbn      = {978-3-642-34280-6},
  timestamp = {Sat, 09 Mar 2013 16:54:49 +0100},
  biburl    = {http://dblp.uni-trier.de/rec/bib/conf/icfem/2012},
  bibsource = {dblp computer science bibliography, http://dblp.org}
}

@article{DBLP:journals/tse/Holzmann97,
  author    = {Gerard J. Holzmann},
  title     = {The Model Checker {SPIN}},
  journal   = "{IEEE} Trans. Softw. Eng.",
  volume    = {23},
  number    = {5},
  pages     = {279--295},
  year      = {1997},
  month     = {May},
  doi       = {10.1109/32.588521},
  timestamp = {Thu, 10 Dec 2015 11:33:16 +0100},
  biburl    = {http://dblp.uni-trier.de/rec/bib/journals/tse/Holzmann97},
  bibsource = {dblp computer science bibliography, http://dblp.org}
}

@article{DBLP:journals/tcs/Marte-OlietM02,
  author    = {Narciso Mart{\'{\i}}{-}Oliet and
               Jos{\'{e}} Meseguer},
  title     = {Rewriting logic: roadmap and bibliography},
  journal   = {Theor. Comput. Sci.},
  volume    = {285},
  number    = {2},
  pages     = {121--154},
  year      = {2002},
  url       = {http://dx.doi.org/10.1016/S0304-3975(01)00357-7},
  doi       = {10.1016/S0304-3975(01)00357-7},
  timestamp = {Wed, 19 Nov 2003 16:11:09 +0100},
  biburl    = {http://dblp.uni-trier.de/rec/bib/journals/tcs/Marte-OlietM02},
  bibsource = {dblp computer science bibliography, http://dblp.org}
}

@article{DBLP:journals/tcs/GoguenM92,
  author    = {Joseph A. Goguen and
               Jos{\'{e}} Meseguer},
  title     = {Order-Sorted Algebra {I:} Equational Deduction for Multiple Inheritance,
               Overloading, Exceptions and Partial Operations},
  journal   = {Theor. Comput. Sci.},
  volume    = {105},
  number    = {2},
  pages     = {217--273},
  year      = {1992},
  url       = {http://dx.doi.org/10.1016/0304-3975(92)90302-V},
  doi       = {10.1016/0304-3975(92)90302-V},
  timestamp = {Wed, 07 Sep 2011 12:13:21 +0200},
  biburl    = {http://dblp.uni-trier.de/rec/bib/journals/tcs/GoguenM92},
  bibsource = {dblp computer science bibliography, http://dblp.org}
}

@article{DBLP:journals/tcs/BouhoulaJM00,
  author    = {Adel Bouhoula and
               Jean{-}Pierre Jouannaud and
               Jos{\'{e}} Meseguer},
  title     = {Specification and proof in membership equational logic},
  journal   = {Theor. Comput. Sci.},
  volume    = {236},
  number    = {1-2},
  pages     = {35--132},
  year      = {2000},
  url       = {http://dx.doi.org/10.1016/S0304-3975(99)00206-6},
  doi       = {10.1016/S0304-3975(99)00206-6},
  timestamp = {Wed, 19 Nov 2003 16:10:09 +0100},
  biburl    = {http://dblp.uni-trier.de/rec/bib/journals/tcs/BouhoulaJM00},
  bibsource = {dblp computer science bibliography, http://dblp.org}
}

@book{clarke1999model,
  title={Model checking},
  author={Clarke, Edmund M and Grumberg, Orna and Peled, Doron},
  year={1999},
  publisher={MIT press}
}

@book{DBLP:books/daglib/0077033,
  author    = {Zohar Manna and
               Amir Pnueli},
  title     = {The temporal logic of reactive and concurrent systems - specification},
  publisher = {Springer},
  year      = {1992},
  isbn      = {978-3-540-97664-6},
  timestamp = {Mon, 02 May 2011 15:54:53 +0200},
  biburl    = {http://dblp.uni-trier.de/rec/bib/books/daglib/0077033},
  bibsource = {dblp computer science bibliography, http://dblp.org}
}

@TechReport{ lankford77b,
	author = "Dallas S. Lankford and A. M. Ballantyne",
	title = "Decision procedures for simple equational theories with commutative-associative axioms: Complete sets of commutative-associative reductions",
	institution = "University of Texas, Austin",
	year = 1977,
	type = "Memo",
	number = "ATP-39",
	month = aug
}

@article{DBLP:journals/tc/HuangDYS16,
  author    = {Jin Huang and
               Yangdong Deng and
               Qinwen Yang and
               Jia{-}Guang Sun},
  title     = {An Energy-Efficient Train Control Framework for Smart Railway Transportation},
  journal   = {{IEEE} Trans. Computers},
  volume    = {65},
  number    = {5},
  pages     = {1407--1417},
  year      = {2016},
  url       = {http://dx.doi.org/10.1109/TC.2015.2500565},
  doi       = {10.1109/TC.2015.2500565},
  timestamp = {Wed, 27 Apr 2016 13:12:13 +0200},
  biburl    = {http://dblp.uni-trier.de/rec/bib/journals/tc/HuangDYS16},
  bibsource = {dblp computer science bibliography, http://dblp.org}
}

@inproceedings{DBLP:conf/cade/StroderGBFFHS14,
  author    = {Thomas Str{\"{o}}der and
               J{\"{u}}rgen Giesl and
               Marc Brockschmidt and
               Florian Frohn and
               Carsten Fuhs and
               Jera Hensel and
               Peter Schneider{-}Kamp},
  title     = {Proving Termination and Memory Safety for Programs with Pointer Arithmetic},
  booktitle = {Automated Reasoning - 7th International Joint Conference, {IJCAR}
               2014, Held as Part of the Vienna Summer of Logic, {VSL} 2014, Vienna,
               Austria, July 19-22, 2014. Proceedings},
  pages     = {208--223},
  year      = {2014},
  crossref  = {DBLP:conf/cade/2014},
  url       = {http://dx.doi.org/10.1007/978-3-319-08587-6_15},
  doi       = {10.1007/978-3-319-08587-6_15},
  timestamp = {Wed, 02 Jul 2014 14:12:27 +0200},
  biburl    = {http://dblp.uni-trier.de/rec/bib/conf/cade/StroderGBFFHS14},
  bibsource = {dblp computer science bibliography, http://dblp.org}
}

@proceedings{DBLP:conf/cade/2014,
  editor    = {St{\'{e}}phane Demri and
               Deepak Kapur and
               Christoph Weidenbach},
  title     = {Automated Reasoning - 7th International Joint Conference, {IJCAR}
               2014, Held as Part of the Vienna Summer of Logic, {VSL} 2014, Vienna,
               Austria, July 19-22, 2014. Proceedings},
  series    = {Lecture Notes in Computer Science},
  volume    = {8562},
  publisher = {Springer},
  year      = {2014},
  url       = {http://dx.doi.org/10.1007/978-3-319-08587-6},
  doi       = {10.1007/978-3-319-08587-6},
  isbn      = {978-3-319-08586-9},
  timestamp = {Wed, 02 Jul 2014 14:02:31 +0200},
  biburl    = {http://dblp.uni-trier.de/rec/bib/conf/cade/2014},
  bibsource = {dblp computer science bibliography, http://dblp.org}
}

@inproceedings{DBLP:conf/lopstr/GieslSSEF12,
  author    = {J{\"{u}}rgen Giesl and
               Thomas Str{\"{o}}der and
               Peter Schneider{-}Kamp and
               Fabian Emmes and
               Carsten Fuhs},
  title     = {Symbolic Evaluation Graphs and Term Rewriting - {A} General Methodology
               for Analyzing Logic Programs},
  booktitle = {Logic-Based Program Synthesis and Transformation, 22nd International
               Symposium, {LOPSTR} 2012, Leuven, Belgium, September 18-20, 2012,
               Revised Selected Papers},
  pages     = {1},
  year      = {2012},
  crossref  = {DBLP:conf/lopstr/2012},
  url       = {http://dx.doi.org/10.1007/978-3-642-38197-3_1},
  doi       = {10.1007/978-3-642-38197-3_1},
  timestamp = {Thu, 09 May 2013 11:29:06 +0200},
  biburl    = {http://dblp.uni-trier.de/rec/bib/conf/lopstr/GieslSSEF12},
  bibsource = {dblp computer science bibliography, http://dblp.org}
}

@proceedings{DBLP:conf/lopstr/2012,
  editor    = {Elvira Albert},
  title     = {Logic-Based Program Synthesis and Transformation, 22nd International
               Symposium, {LOPSTR} 2012, Leuven, Belgium, September 18-20, 2012,
               Revised Selected Papers},
  series    = {Lecture Notes in Computer Science},
  volume    = {7844},
  publisher = {Springer},
  year      = {2013},
  url       = {http://dx.doi.org/10.1007/978-3-642-38197-3},
  doi       = {10.1007/978-3-642-38197-3},
  isbn      = {978-3-642-38196-6},
  timestamp = {Thu, 09 May 2013 11:27:38 +0200},
  biburl    = {http://dblp.uni-trier.de/rec/bib/conf/lopstr/2012},
  bibsource = {dblp computer science bibliography, http://dblp.org}
}

@article{DBLP:journals/jar/StroderGBFFHSA17,
  author    = {Thomas Str{\"{o}}der and
               J{\"{u}}rgen Giesl and
               Marc Brockschmidt and
               Florian Frohn and
               Carsten Fuhs and
               Jera Hensel and
               Peter Schneider{-}Kamp and
               Cornelius Aschermann},
  title     = {Automatically Proving Termination and Memory Safety for Programs with
               Pointer Arithmetic},
  journal   = {J. Autom. Reasoning},
  volume    = {58},
  number    = {1},
  pages     = {33--65},
  year      = {2017},
  url       = {http://dx.doi.org/10.1007/s10817-016-9389-x},
  doi       = {10.1007/s10817-016-9389-x},
  timestamp = {Fri, 13 Jan 2017 18:05:23 +0100},
  biburl    = {http://dblp.uni-trier.de/rec/bib/journals/jar/StroderGBFFHSA17},
  bibsource = {dblp computer science bibliography, http://dblp.org}
}

@inproceedings{DBLP:conf/cade/FalkeK09,
  author    = {Stephan Falke and
               Deepak Kapur},
  title     = {A Term Rewriting Approach to the Automated Termination Analysis of
               Imperative Programs},
  booktitle = {Automated Deduction - CADE-22, 22nd International Conference on Automated
               Deduction, Montreal, Canada, August 2-7, 2009. Proceedings},
  pages     = {277--293},
  year      = {2009},
  crossref  = {DBLP:conf/cade/2009},
  url       = {http://dx.doi.org/10.1007/978-3-642-02959-2_22},
  doi       = {10.1007/978-3-642-02959-2_22},
  timestamp = {Tue, 09 Dec 2014 17:26:35 +0100},
  biburl    = {http://dblp.uni-trier.de/rec/bib/conf/cade/FalkeK09},
  bibsource = {dblp computer science bibliography, http://dblp.org}
}

@proceedings{DBLP:conf/cade/2009,
  editor    = {Renate A. Schmidt},
  title     = {Automated Deduction - CADE-22, 22nd International Conference on Automated
               Deduction, Montreal, Canada, August 2-7, 2009. Proceedings},
  series    = {Lecture Notes in Computer Science},
  volume    = {5663},
  publisher = {Springer},
  year      = {2009},
  url       = {http://dx.doi.org/10.1007/978-3-642-02959-2},
  doi       = {10.1007/978-3-642-02959-2},
  isbn      = {978-3-642-02958-5},
  timestamp = {Wed, 29 Jul 2009 15:18:20 +0200},
  biburl    = {http://dblp.uni-trier.de/rec/bib/conf/cade/2009},
  bibsource = {dblp computer science bibliography, http://dblp.org}
}

@inproceedings{DBLP:conf/rta/FalkeKS11,
  author    = {Stephan Falke and
               Deepak Kapur and
               Carsten Sinz},
  title     = {Termination Analysis of {C} Programs Using Compiler Intermediate Languages},
  booktitle = {Proceedings of the 22nd International Conference on Rewriting Techniques
               and Applications, {RTA} 2011, May 30 - June 1, 2011, Novi Sad, Serbia},
  pages     = {41--50},
  year      = {2011},
  crossref  = {DBLP:conf/rta/2011},
  url       = {http://dx.doi.org/10.4230/LIPIcs.RTA.2011.41},
  doi       = {10.4230/LIPIcs.RTA.2011.41},
  timestamp = {Tue, 09 Dec 2014 17:26:35 +0100},
  biburl    = {http://dblp.uni-trier.de/rec/bib/conf/rta/FalkeKS11},
  bibsource = {dblp computer science bibliography, http://dblp.org}
}

@proceedings{DBLP:conf/rta/2011,
  editor    = {Manfred Schmidt{-}Schau{\ss}},
  title     = {Proceedings of the 22nd International Conference on Rewriting Techniques
               and Applications, {RTA} 2011, May 30 - June 1, 2011, Novi Sad, Serbia},
  series    = {LIPIcs},
  volume    = {10},
  publisher = {Schloss Dagstuhl - Leibniz-Zentrum fuer Informatik},
  year      = {2011},
  url       = {http://www.dagstuhl.de/dagpub/978-3-939897-30-9},
  isbn      = {978-3-939897-30-9},
  timestamp = {Tue, 26 Feb 2013 10:48:33 +0100},
  biburl    = {http://dblp.uni-trier.de/rec/bib/conf/rta/2011},
  bibsource = {dblp computer science bibliography, http://dblp.org}
}

@misc{ARP4754A, 
howpublished="SAE International",  
title="Guidelines for Development of Civil Aircraft and Systems",  
year="2010",  
month=dec
} 

@misc{ARP4761, 
howpublished="SAE International",  
title="Guidelines and Methods for Conducting the Safety Assessment Process on Civil Airborne Systems and Equipment",
year="1996",  
month=dec
} 

@proceedings{DBLP:conf/fm/1978,
  editor    = {Dines Bj{\o}rner and
               Cliff B. Jones},
  title     = {The Vienna Development Method: The Meta-Language},
  series    = {Lecture Notes in Computer Science},
  volume    = {61},
  publisher = {Springer},
  year      = {1978},
  isbn      = {3-540-08766-4},
  timestamp = {Thu, 19 Dec 2002 09:33:32 +0100},
  biburl    = {http://dblp.uni-trier.de/rec/bib/conf/fm/1978},
  bibsource = {dblp computer science bibliography, http://dblp.org}
}

@book{DBLP:books/daglib/0067866,
  author    = {John Michael Spivey},
  title     = {The {Z} notation - a reference manual},
  series    = {Prentice Hall International Series in Computer Science},
  publisher = {Prentice Hall},
  year      = {1989},
  isbn      = {978-0-13-983768-5},
  timestamp = {Thu, 05 May 2011 16:48:11 +0200},
  biburl    = {http://dblp.uni-trier.de/rec/bib/books/daglib/0067866},
  bibsource = {dblp computer science bibliography, http://dblp.org}
}

@ARTICLE{murata1989, 
author={T. Murata}, 
journal={Proceedings of the IEEE}, 
title={Petri nets: Properties, analysis and applications}, 
year={1989}, 
volume={77}, 
number={4}, 
pages={541-580}, 
keywords={Petri nets;logic programming;stochastic processes;Petri nets;behavioural properties;concurrent system model;high-level nets;logic programming;marked graphs;performance modeling;reachability criteria;stochastic nets;structural properties;subclasses;Books;Equations;History;Information processing;Logic programming;Mathematical model;Petri nets;Power system modeling;Stochastic processes;Stochastic systems}, 
doi={10.1109/5.24143}, 
ISSN={0018-9219}, 
month={Apr}
}

@book{DBLP:books/aw/HopcroftU79,
  author    = {John E. Hopcroft and
               Jeffrey D. Ullman},
  title     = {Introduction to Automata Theory, Languages and Computation},
  publisher = {Addison-Wesley},
  year      = {1979},
  isbn      = {0-201-02988-X},
  timestamp = {Thu, 03 Jan 2002 11:51:07 +0100},
  biburl    = {http://dblp.uni-trier.de/rec/bib/books/aw/HopcroftU79},
  bibsource = {dblp computer science bibliography, http://dblp.org}
}

@book{minsky1967computation,
  title={Computation: finite and infinite machines},
  author={Minsky, Marvin L},
  year={1967},
  publisher={Prentice-Hall, Inc.}
}

@article{DBLP:journals/scp/Harel87,
  author    = {David Harel},
  title     = {Statecharts: {A} Visual Formalism for Complex Systems},
  journal   = {Sci. Comput. Program.},
  volume    = {8},
  number    = {3},
  pages     = {231--274},
  year      = {1987},
  url       = {http://dx.doi.org/10.1016/0167-6423(87)90035-9},
  doi       = {10.1016/0167-6423(87)90035-9},
  timestamp = {Tue, 30 Aug 2011 17:13:49 +0200},
  biburl    = {http://dblp.uni-trier.de/rec/bib/journals/scp/Harel87},
  bibsource = {dblp computer science bibliography, http://dblp.org}
}

@article{DBLP:journals/tcs/AlurD94,
  author    = {Rajeev Alur and
               David L. Dill},
  title     = {A Theory of Timed Automata},
  journal   = {Theor. Comput. Sci.},
  volume    = {126},
  number    = {2},
  pages     = {183--235},
  year      = {1994},
  url       = {http://dx.doi.org/10.1016/0304-3975(94)90010-8},
  doi       = {10.1016/0304-3975(94)90010-8},
  timestamp = {Wed, 07 Sep 2011 12:13:21 +0200},
  biburl    = {http://dblp.uni-trier.de/rec/bib/journals/tcs/AlurD94},
  bibsource = {dblp computer science bibliography, http://dblp.org}
}

@inproceedings{DBLP:conf/cav/Alur99,
  author    = {Rajeev Alur},
  title     = {Timed Automata},
  booktitle = {Computer Aided Verification, 11th International Conference, {CAV}
               '99, Trento, Italy, July 6-10, 1999, Proceedings},
  pages     = {8--22},
  year      = {1999},
  crossref  = {DBLP:conf/cav/1999},
  url       = {http://dx.doi.org/10.1007/3-540-48683-6_3},
  doi       = {10.1007/3-540-48683-6_3},
  timestamp = {Fri, 12 Feb 2016 07:36:53 +0100},
  biburl    = {http://dblp.uni-trier.de/rec/bib/conf/cav/Alur99},
  bibsource = {dblp computer science bibliography, http://dblp.org}
}

@proceedings{DBLP:conf/cav/1999,
  editor    = {Nicolas Halbwachs and
               Doron A. Peled},
  title     = {Computer Aided Verification, 11th International Conference, {CAV}
               '99, Trento, Italy, July 6-10, 1999, Proceedings},
  series    = {Lecture Notes in Computer Science},
  volume    = {1633},
  publisher = {Springer},
  year      = {1999},
  isbn      = {3-540-66202-2},
  timestamp = {Fri, 12 Feb 2016 07:36:53 +0100},
  biburl    = {http://dblp.uni-trier.de/rec/bib/conf/cav/1999},
  bibsource = {dblp computer science bibliography, http://dblp.org}
}

@article{larsen1999uppaal2k,
  title={Uppaal2k},
  author={Larsen, Kim Guldstrand and Pettersson, P},
  journal={Bulletin of the European Association for Theoretical Computer Science},
  year={1999}
}

@article{DBLP:journals/sttt/LarsenPY97,
  author    = {Kim Guldstrand Larsen and
               Paul Pettersson and
               Wang Yi},
  title     = {{UPPAAL} in a Nutshell},
  journal   = {{STTT}},
  volume    = {1},
  number    = {1-2},
  pages     = {134--152},
  year      = {1997},
  url       = {http://dx.doi.org/10.1007/s100090050010},
  doi       = {10.1007/s100090050010},
  timestamp = {Fri, 07 Dec 2012 11:52:52 +0100},
  biburl    = {http://dblp.uni-trier.de/rec/bib/journals/sttt/LarsenPY97},
  bibsource = {dblp computer science bibliography, http://dblp.org}
}

@inproceedings{DBLP:conf/mtv/SinghS07,
  author    = {Gaurav Singh and
               Sandeep K. Shukla},
  title     = {Model Checking {Bluespec} Specified Hardware Designs},
  booktitle = {Eighth International Workshop on Microprocessor Test and Verification
               {(MTV} 2007), Common Challenges and Solutions, 5-6 December 2007,
               Austin, Texas, {USA}},
  pages     = {39--43},
  year      = {2007},
  crossref  = {DBLP:conf/mtv/2007},
  url       = {http://dx.doi.org/10.1109/MTV.2007.9},
  doi       = {10.1109/MTV.2007.9},
  timestamp = {Fri, 17 Apr 2015 14:17:39 +0200},
  biburl    = {http://dblp.uni-trier.de/rec/bib/conf/mtv/SinghS07},
  bibsource = {dblp computer science bibliography, http://dblp.org}
}

@proceedings{DBLP:conf/mtv/2007,
  editor    = {Magdy S. Abadir and
               Li{-}C. Wang and
               Jayanta Bhadra},
  title     = {Eighth International Workshop on Microprocessor Test and Verification
               {(MTV} 2007), Common Challenges and Solutions, 5-6 December 2007,
               Austin, Texas, {USA}},
  publisher = {{IEEE} Computer Society},
  year      = {2007},
  url       = {http://ieeexplore.ieee.org/xpl/mostRecentIssue.jsp?punumber=4620135},
  isbn      = {978-0-7695-3241-7},
  timestamp = {Fri, 17 Apr 2015 14:17:39 +0200},
  biburl    = {http://dblp.uni-trier.de/rec/bib/conf/mtv/2007},
  bibsource = {dblp computer science bibliography, http://dblp.org}
}

@inproceedings{DBLP:conf/cav/BraibantC13,
  author    = {Thomas Braibant and
               Adam Chlipala},
  title     = {Formal Verification of Hardware Synthesis},
  booktitle = {Computer Aided Verification - 25th International Conference, {CAV}
               2013, Saint Petersburg, Russia, July 13-19, 2013. Proceedings},
  pages     = {213--228},
  year      = {2013},
  crossref  = {DBLP:conf/cav/2013},
  url       = {http://dx.doi.org/10.1007/978-3-642-39799-8_14},
  doi       = {10.1007/978-3-642-39799-8_14},
  timestamp = {Fri, 12 Jul 2013 13:57:42 +0200},
  biburl    = {http://dblp.uni-trier.de/rec/bib/conf/cav/BraibantC13},
  bibsource = {dblp computer science bibliography, http://dblp.org}
}

@proceedings{DBLP:conf/cav/2013,
  editor    = {Natasha Sharygina and
               Helmut Veith},
  title     = {Computer Aided Verification - 25th International Conference, {CAV}
               2013, Saint Petersburg, Russia, July 13-19, 2013. Proceedings},
  series    = {Lecture Notes in Computer Science},
  volume    = {8044},
  publisher = {Springer},
  year      = {2013},
  url       = {http://dx.doi.org/10.1007/978-3-642-39799-8},
  doi       = {10.1007/978-3-642-39799-8},
  isbn      = {978-3-642-39798-1},
  timestamp = {Fri, 12 Jul 2013 13:53:11 +0200},
  biburl    = {http://dblp.uni-trier.de/rec/bib/conf/cav/2013},
  bibsource = {dblp computer science bibliography, http://dblp.org}
}

@inproceedings{assaf16a,
  TITLE = {{Encoding Proofs in Dedukti: the case of Coq proofs}},
  AUTHOR = {Assaf, Ali and Dowek, Gilles and Jouannaud, Jean-Pierre and Liu, Jiaxiang},
  URL = {https://hal.inria.fr/hal-01330980},
  BOOKTITLE = {{Proceedings Hammers for Type Theories}},
  ADDRESS = {Coimbra, Portugal},
  PUBLISHER = {{Easy Chair}},
  SERIES = {Proc. Higher-Order rewriting Workshop},
  YEAR = {2016},
  MONTH = Jul,
  KEYWORDS = {Logical Frameworks ;  Encodings ;  Calculus of Constructions ;  Cumulative Universes ;  Cnfluence},
  PDF = {https://hal.inria.fr/hal-01330980/file/HaTT_2016_paper_3.pdf},
  HAL_ID = {hal-01330980},
  HAL_VERSION = {v1},
}

@inproceedings{assaf16b,
  TITLE = {{Untyped Confluence in Dependent Type Theories}},
  AUTHOR = {Assaf, Ali and Dowek, Gilles and Jouannaud, Jean-Pierre and Liu, Jiaxiang},
  URL = {https://hal.inria.fr/hal-01330955},
  BOOKTITLE = {{Proceedings Higher-Order Rewriting Workshop}},
  ADDRESS = {Porto, Portugal},
  PUBLISHER = {{Easy-Chair}},
  SERIES = {Proc. Higher-Order rewriting Workshop},
  YEAR = {2016},
  MONTH = Jun,
  KEYWORDS = {Confluence ;  Church-Rosser ;  Logical Frameworks ;  PTS ;  Universes ;  Encodings ;  Consistency},
  PDF = {https://hal.inria.fr/hal-01330955/file/HOR_2016_paper.pdf},
  HAL_ID = {hal-01330955},
  HAL_VERSION = {v1},
}

@inproceedings{DBLP:conf/tacas/BrockschmidtCIK16,
  author    = {Marc Brockschmidt and
               Byron Cook and
               Samin Ishtiaq and
               Heidy Khlaaf and
               Nir Piterman},
  title     = {{T2:} Temporal Property Verification},
  booktitle = {Tools and Algorithms for the Construction and Analysis of Systems
               - 22nd International Conference, {TACAS} 2016, Held as Part of the
               European Joint Conferences on Theory and Practice of Software, {ETAPS}
               2016, Eindhoven, The Netherlands, April 2-8, 2016, Proceedings},
  pages     = {387--393},
  year      = {2016},
  crossref  = {DBLP:conf/tacas/2016},
  url       = {http://dx.doi.org/10.1007/978-3-662-49674-9_22},
  doi       = {10.1007/978-3-662-49674-9_22},
  timestamp = {Mon, 11 Apr 2016 15:34:17 +0200},
  biburl    = {http://dblp.uni-trier.de/rec/bib/conf/tacas/BrockschmidtCIK16},
  bibsource = {dblp computer science bibliography, http://dblp.org}
}

@proceedings{DBLP:conf/tacas/2016,
  editor    = {Marsha Chechik and
               Jean{-}Fran{\c{c}}ois Raskin},
  title     = {Tools and Algorithms for the Construction and Analysis of Systems
               - 22nd International Conference, {TACAS} 2016, Held as Part of the
               European Joint Conferences on Theory and Practice of Software, {ETAPS}
               2016, Eindhoven, The Netherlands, April 2-8, 2016, Proceedings},
  series    = {Lecture Notes in Computer Science},
  volume    = {9636},
  publisher = {Springer},
  year      = {2016},
  url       = {http://dx.doi.org/10.1007/978-3-662-49674-9},
  doi       = {10.1007/978-3-662-49674-9},
  isbn      = {978-3-662-49673-2},
  timestamp = {Mon, 11 Apr 2016 15:23:34 +0200},
  biburl    = {http://dblp.uni-trier.de/rec/bib/conf/tacas/2016},
  bibsource = {dblp computer science bibliography, http://dblp.org}
}

@article{DBLP:journals/jsc/Dershowitz87,
  author    = {Nachum Dershowitz},
  title     = {Termination of Rewriting},
  journal   = {J. Symb. Comput.},
  volume    = {3},
  number    = {1/2},
  pages     = {69--116},
  year      = {1987},
  url       = {http://dx.doi.org/10.1016/S0747-7171(87)80022-6},
  doi       = {10.1016/S0747-7171(87)80022-6},
  timestamp = {Thu, 25 Oct 2012 10:45:46 +0200},
  biburl    = {http://dblp.uni-trier.de/rec/bib/journals/jsc/Dershowitz87},
  bibsource = {dblp computer science bibliography, http://dblp.org}
}

@incollection{knuth1983simple,
  title={Simple word problems in universal algebras},
  author={Knuth, Donald E and Bendix, Peter B},
  booktitle={Automation of Reasoning},
  pages={342--376},
  year={1983},
  publisher={Springer}
}

@article{DBLP:journals/tcs/ArtsG00,
  author    = {Thomas Arts and
               J{\"{u}}rgen Giesl},
  title     = {Termination of term rewriting using dependency pairs},
  journal   = {Theor. Comput. Sci.},
  volume    = {236},
  number    = {1-2},
  pages     = {133--178},
  year      = {2000},
  url       = {http://dx.doi.org/10.1016/S0304-3975(99)00207-8},
  doi       = {10.1016/S0304-3975(99)00207-8},
  timestamp = {Wed, 19 Nov 2003 16:09:55 +0100},
  biburl    = {http://dblp.uni-trier.de/rec/bib/journals/tcs/ArtsG00},
  bibsource = {dblp computer science bibliography, http://dblp.org}
}

@article{DBLP:journals/jsc/GieslAO02,
  author    = {J{\"{u}}rgen Giesl and
               Thomas Arts and
               Enno Ohlebusch},
  title     = {Modular Termination Proofs for Rewriting Using Dependency Pairs},
  journal   = {J. Symb. Comput.},
  volume    = {34},
  number    = {1},
  pages     = {21--58},
  year      = {2002},
  url       = {http://dx.doi.org/10.1006/jsco.2002.0541},
  doi       = {10.1006/jsco.2002.0541},
  timestamp = {Wed, 19 Nov 2003 16:23:35 +0100},
  biburl    = {http://dblp.uni-trier.de/rec/bib/journals/jsc/GieslAO02},
  bibsource = {dblp computer science bibliography, http://dblp.org}
}

@inproceedings{DBLP:conf/iccd/Koopman96,
  author    = {Philip Koopman},
  title     = {Embedded System Design Issues (The Rest of the Story)},
  booktitle = {1996 International Conference on Computer Design {(ICCD} '96), {VLSI}
               in Computers and Processors, October 7-9, 1996, Austin, TX, USA, Proceedings},
  pages     = {310--317},
  year      = {1996},
  crossref  = {DBLP:conf/iccd/1996},
  url       = {http://dx.doi.org/10.1109/ICCD.1996.563572},
  doi       = {10.1109/ICCD.1996.563572},
  timestamp = {Tue, 23 Sep 2014 17:17:48 +0200},
  biburl    = {http://dblp.uni-trier.de/rec/bib/conf/iccd/Koopman96},
  bibsource = {dblp computer science bibliography, http://dblp.org}
}

@proceedings{DBLP:conf/iccd/1996,
  title     = {1996 International Conference on Computer Design {(ICCD} '96), {VLSI}
               in Computers and Processors, October 7-9, 1996, Austin, TX, USA, Proceedings},
  publisher = {{IEEE} Computer Society},
  year      = {1996},
  url       = {http://ieeexplore.ieee.org/xpl/mostRecentIssue.jsp?punumber=4128},
  isbn      = {0-8186-7554-3},
  timestamp = {Mon, 22 Sep 2014 16:50:05 +0200},
  biburl    = {http://dblp.uni-trier.de/rec/bib/conf/iccd/1996},
  bibsource = {dblp computer science bibliography, http://dblp.org}
}

@book{DBLP:books/daglib/0010292,
  author    = {Alan C. Shaw},
  title     = {Real-time systems and software},
  publisher = {Wiley},
  year      = {2001},
  isbn      = {978-0-471-35490-1},
  timestamp = {Fri, 15 Apr 2011 13:37:33 +0200},
  biburl    = {http://dblp.uni-trier.de/rec/bib/books/daglib/0010292},
  bibsource = {dblp computer science bibliography, http://dblp.org}
}

@article{DBLP:journals/sigsoft/White11,
  author    = {Randall L. White},
  title     = {Reconfigurable embedded control systems: applications for flexibility
               and agility by Mohamed Khalgui and Han-Michale Hanisch},
  journal   = {{ACM} {SIGSOFT} Software Engineering Notes},
  volume    = {36},
  number    = {5},
  pages     = {53},
  year      = {2011},
  url       = {http://doi.acm.org/10.1145/2020976.2021007},
  doi       = {10.1145/2020976.2021007},
  timestamp = {Tue, 08 Nov 2011 10:06:09 +0100},
  biburl    = {http://dblp.uni-trier.de/rec/bib/journals/sigsoft/White11},
  bibsource = {dblp computer science bibliography, http://dblp.org}
}

@article{DBLP:journals/tc/LiH12,
  author    = {Xin Li and
               Reinhard von Hanxleden},
  title     = {Multithreaded Reactive Programming - the {Kiel} {Esterel} Processor},
  journal   = {{IEEE} Trans. Computers},
  volume    = {61},
  number    = {3},
  pages     = {337--349},
  year      = {2012},
  url       = {http://dx.doi.org/10.1109/TC.2010.246},
  doi       = {10.1109/TC.2010.246},
  timestamp = {Wed, 09 Mar 2016 11:05:02 +0100},
  biburl    = {http://dblp.uni-trier.de/rec/bib/journals/tc/LiH12},
  bibsource = {dblp computer science bibliography, http://dblp.org}
}

@inproceedings{DBLP:conf/codes/GerndtE97,
  author    = {Reinhard Gerndt and
               Rolf Ernst},
  title     = {An Event-Driven Multi-Threading Architecture for Embedded Systems},
  booktitle = {Proceedings of the Fifth International Workshop on Hardware/Software
               Codesign, {CODES/CASHE} 1997, March 24-26, 1997, Braunschweig, Germany},
  pages     = {29--34},
  year      = {1997},
  crossref  = {DBLP:conf/codes/1997},
  url       = {http://doi.acm.org/10.1145/792768.793491},
  doi       = {10.1145/792768.793491},
  timestamp = {Wed, 15 Feb 2006 10:03:34 +0100},
  biburl    = {http://dblp.uni-trier.de/rec/bib/conf/codes/GerndtE97},
  bibsource = {dblp computer science bibliography, http://dblp.org}
}

@proceedings{DBLP:conf/codes/1997,
  title     = {Proceedings of the Fifth International Workshop on Hardware/Software
               Codesign, {CODES/CASHE} 1997, March 24-26, 1997, Braunschweig, Germany},
  publisher = {{IEEE} Computer Society},
  year      = {1997},
  isbn      = {0-8186-7895-X},
  timestamp = {Fri, 08 Oct 2004 12:35:10 +0200},
  biburl    = {http://dblp.uni-trier.de/rec/bib/conf/codes/1997},
  bibsource = {dblp computer science bibliography, http://dblp.org}
}

@article{DBLP:journals/csur/WoodcockLBF09,
  author    = {Jim Woodcock and
               Peter Gorm Larsen and
               Juan Bicarregui and
               John S. Fitzgerald},
  title     = {Formal methods: Practice and experience},
  journal   = {{ACM} Comput. Surv.},
  volume    = {41},
  number    = {4},
  pages     = {19:1--19:36},
  year      = {2009},
  url       = {http://doi.acm.org/10.1145/1592434.1592436},
  doi       = {10.1145/1592434.1592436},
  timestamp = {Mon, 09 Jan 2017 15:02:22 +0100},
  biburl    = {http://dblp.uni-trier.de/rec/bib/journals/csur/WoodcockLBF09},
  bibsource = {dblp computer science bibliography, http://dblp.org}
}

@article{DBLP:journals/logcom/BouchenebGR09,
  author    = {Hanifa Boucheneb and
               Guillaume Gardey and
               Olivier H. Roux},
  title     = {{TCTL} Model Checking of Time {Petri} Nets},
  journal   = {J. Log. Comput.},
  volume    = {19},
  number    = {6},
  pages     = {1509--1540},
  year      = {2009},
  url       = {http://dx.doi.org/10.1093/logcom/exp036},
  doi       = {10.1093/logcom/exp036},
  timestamp = {Sun, 02 May 2010 15:37:48 +0200},
  biburl    = {http://dblp.uni-trier.de/rec/bib/journals/logcom/BouchenebGR09},
  bibsource = {dblp computer science bibliography, http://dblp.org}
}

@book{DBLP:series/eatcs/Jensen97,
  author    = {Kurt Jensen},
  title     = {Coloured Petri Nets - Basic Concepts, Analysis Methods and Practical
               Use - Volume 3},
  series    = {Monographs in Theoretical Computer Science. An {EATCS} Series},
  publisher = {Springer},
  year      = {1997},
  url       = {http://dx.doi.org/10.1007/978-3-642-60794-3},
  doi       = {10.1007/978-3-642-60794-3},
  isbn      = {978-3-642-64556-3},
  timestamp = {Wed, 11 Feb 2015 12:51:11 +0100},
  biburl    = {http://dblp.uni-trier.de/rec/bib/series/eatcs/Jensen97},
  bibsource = {dblp computer science bibliography, http://dblp.org}
}

@inproceedings{DBLP:conf/apn/Lakos95,
  author    = {Charles Lakos},
  title     = {From Coloured {Petri} Nets to Object {Petri} Nets},
  booktitle = {Application and Theory of Petri Nets 1995, 16th International Conference,
               Turin, Italy, June 26-30, 1995, Proceedings},
  pages     = {278--297},
  year      = {1995},
  crossref  = {DBLP:conf/apn/1995},
  url       = {http://dx.doi.org/10.1007/3-540-60029-9_45},
  doi       = {10.1007/3-540-60029-9_45},
  timestamp = {Sat, 19 Sep 2009 20:51:56 +0200},
  biburl    = {http://dblp.uni-trier.de/rec/bib/conf/apn/Lakos95},
  bibsource = {dblp computer science bibliography, http://dblp.org}
}

@proceedings{DBLP:conf/apn/1995,
  editor    = {Giorgio De Michelis and
               Michel Diaz},
  title     = {Application and Theory of Petri Nets 1995, 16th International Conference,
               Turin, Italy, June 26-30, 1995, Proceedings},
  series    = {Lecture Notes in Computer Science},
  volume    = {935},
  publisher = {Springer},
  year      = {1995},
  isbn      = {3-540-60029-9},
  timestamp = {Fri, 04 Jan 2002 08:33:57 +0100},
  biburl    = {http://dblp.uni-trier.de/rec/bib/conf/apn/1995},
  bibsource = {dblp computer science bibliography, http://dblp.org}
}

@book{david2010discrete,
  title={Discrete, continuous, and hybrid Petri nets},
  author={David, Ren{\'e} and Alla, Hassane},
  year={2010},
  publisher={Springer Science \& Business Media}
}

@inproceedings{DBLP:conf/isca/Zuberek80,
  author    = {Wlodzimierz M. Zuberek},
  title     = {Timed {Petri} Nets and Preliminary Performance Evaluation},
  booktitle = {Proceedings of the 7th Annual Symposium on Computer Architecture,
               May 1980},
  pages     = {88--96},
  year      = {1980},
  crossref  = {DBLP:conf/isca/1980},
  url       = {http://doi.acm.org/10.1145/800053.801913},
  doi       = {10.1145/800053.801913},
  timestamp = {Wed, 16 May 2012 14:07:42 +0200},
  biburl    = {http://dblp.uni-trier.de/rec/bib/conf/isca/Zuberek80},
  bibsource = {dblp computer science bibliography, http://dblp.org}
}

@proceedings{DBLP:conf/isca/1980,
  editor    = {Jacques Lenfant and
               Barry R. Borgerson and
               Daniel E. Atkins and
               Keki B. Irani and
               David Kinniment and
               Hideo Aiso},
  title     = {Proceedings of the 7th Annual Symposium on Computer Architecture,
               May 1980},
  publisher = {{ACM}},
  year      = {1980},
  url       = {http://dl.acm.org/citation.cfm?id=800053},
  timestamp = {Tue, 15 May 2012 18:19:25 +0200},
  biburl    = {http://dblp.uni-trier.de/rec/bib/conf/isca/1980},
  bibsource = {dblp computer science bibliography, http://dblp.org}
}

@article{DBLP:journals/tse/BerthomieuD91,
  author    = {Bernard Berthomieu and
               Michel Diaz},
  title     = {Modeling and Verification of Time Dependent Systems Using Time {Petri}
               Nets},
  journal   = {{IEEE} Trans. Software Eng.},
  volume    = {17},
  number    = {3},
  pages     = {259--273},
  year      = {1991},
  url       = {http://dx.doi.org/10.1109/32.75415},
  doi       = {10.1109/32.75415},
  timestamp = {Thu, 10 Dec 2015 11:33:10 +0100},
  biburl    = {http://dblp.uni-trier.de/rec/bib/journals/tse/BerthomieuD91},
  bibsource = {dblp computer science bibliography, http://dblp.org}
}

@article{DBLP:journals/tse/TsaiYC95,
  author    = {Jeffrey J. P. Tsai and
               Steve Jennhwa Yang and
               Yao{-}Hsiung Chang},
  title     = {Timing Constraint {Petri} Nets and Their Application to Schedulability
               Analysis of Real-Time System Specifications},
  journal   = {{IEEE} Trans. Software Eng.},
  volume    = {21},
  number    = {1},
  pages     = {32--49},
  year      = {1995},
  url       = {http://dx.doi.org/10.1109/32.341845},
  doi       = {10.1109/32.341845},
  timestamp = {Thu, 10 Dec 2015 11:33:14 +0100},
  biburl    = {http://dblp.uni-trier.de/rec/bib/journals/tse/TsaiYC95},
  bibsource = {dblp computer science bibliography, http://dblp.org}
}

@inproceedings{DBLP:conf/qest/BerthomieuV06,
  author    = {Bernard Berthomieu and
               Fran{\c{c}}ois Vernadat},
  title     = {Time {Petri} Nets Analysis with {TINA}},
  booktitle = {Third International Conference on the Quantitative Evaluation of Systems
               {(QEST} 2006), 11-14 September 2006, Riverside, California, {USA}},
  pages     = {123--124},
  year      = {2006},
  crossref  = {DBLP:conf/qest/2006},
  url       = {http://dx.doi.org/10.1109/QEST.2006.56},
  doi       = {10.1109/QEST.2006.56},
  timestamp = {Fri, 08 Aug 2014 15:28:23 +0200},
  biburl    = {http://dblp.uni-trier.de/rec/bib/conf/qest/BerthomieuV06},
  bibsource = {dblp computer science bibliography, http://dblp.org}
}

@proceedings{DBLP:conf/qest/2006,
  title     = {Third International Conference on the Quantitative Evaluation of Systems
               {(QEST} 2006), 11-14 September 2006, Riverside, California, {USA}},
  publisher = {{IEEE} Computer Society},
  year      = {2006},
  url       = {http://ieeexplore.ieee.org/xpl/mostRecentIssue.jsp?punumber=11169},
  isbn      = {0-7695-2665-9},
  timestamp = {Fri, 08 Aug 2014 15:28:22 +0200},
  biburl    = {http://dblp.uni-trier.de/rec/bib/conf/qest/2006},
  bibsource = {dblp computer science bibliography, http://dblp.org}
}

@inproceedings{DBLP:conf/banff/Vardi95,
  author    = {Moshe Y. Vardi},
  title     = {An Automata-Theoretic Approach to Linear Temporal Logic},
  booktitle = {Logics for Concurrency - Structure versus Automata (8th Banff Higher
               Order Workshop, August 27 - September 3, 1995, Proceedings)},
  pages     = {238--266},
  year      = {1995},
  crossref  = {DBLP:conf/banff/1995},
  url       = {http://dx.doi.org/10.1007/3-540-60915-6_6},
  doi       = {10.1007/3-540-60915-6_6},
  timestamp = {Wed, 15 Jun 2011 15:39:57 +0200},
  biburl    = {http://dblp.uni-trier.de/rec/bib/conf/banff/Vardi95},
  bibsource = {dblp computer science bibliography, http://dblp.org}
}

@proceedings{DBLP:conf/banff/1995,
  editor    = {Faron Moller and
               Graham M. Birtwistle},
  title     = {Logics for Concurrency - Structure versus Automata (8th Banff Higher
               Order Workshop, August 27 - September 3, 1995, Proceedings)},
  series    = {Lecture Notes in Computer Science},
  volume    = {1043},
  publisher = {Springer},
  year      = {1996},
  isbn      = {3-540-60915-6},
  timestamp = {Thu, 03 Jan 2002 11:54:01 +0100},
  biburl    = {http://dblp.uni-trier.de/rec/bib/conf/banff/1995},
  bibsource = {dblp computer science bibliography, http://dblp.org}
}

@article{DBLP:journals/sttt/JensenKW07,
  author    = {Kurt Jensen and
               Lars Michael Kristensen and
               Lisa Wells},
  title     = {Coloured {Petri} Nets and {CPN} Tools for modelling and validation of
               concurrent systems},
  journal   = {{STTT}},
  volume    = {9},
  number    = {3-4},
  pages     = {213--254},
  year      = {2007},
  url       = {http://dx.doi.org/10.1007/s10009-007-0038-x},
  doi       = {10.1007/s10009-007-0038-x},
  timestamp = {Tue, 18 Sep 2007 12:59:05 +0200},
  biburl    = {http://dblp.uni-trier.de/rec/bib/journals/sttt/JensenKW07},
  bibsource = {dblp computer science bibliography, http://dblp.org}
}

@book{DBLP:books/daglib/0070479,
  author    = {Peter B. Andrews},
  title     = {An introduction to mathematical logic and type theory - to truth through
               proof},
  series    = {Computer science and applied mathematics},
  publisher = {Academic Press},
  year      = {1986},
  isbn      = {978-0-12-058535-9},
  timestamp = {Thu, 14 Apr 2011 14:43:25 +0200},
  biburl    = {http://dblp.uni-trier.de/rec/bib/books/daglib/0070479},
  bibsource = {dblp computer science bibliography, http://dblp.org}
}

@inproceedings{DBLP:conf/mpc/Parent95,
  author    = {Catherine Parent},
  title     = {Synthesizing Proofs from Programs in the Calculus of Inductive Constructions},
  booktitle = {Mathematics of Program Construction, MPC'95, Kloster Irsee, Germany,
               July 17-21, 1995, Proceedings},
  pages     = {351--379},
  year      = {1995},
  crossref  = {DBLP:conf/mpc/1995},
  url       = {http://dx.doi.org/10.1007/3-540-60117-1_20},
  doi       = {10.1007/3-540-60117-1_20},
  timestamp = {Thu, 23 Jun 2011 19:50:03 +0200},
  biburl    = {http://dblp.uni-trier.de/rec/bib/conf/mpc/Parent95},
  bibsource = {dblp computer science bibliography, http://dblp.org}
}

@proceedings{DBLP:conf/mpc/1995,
  editor    = {Bernhard M{\"{o}}ller},
  title     = {Mathematics of Program Construction, MPC'95, Kloster Irsee, Germany,
               July 17-21, 1995, Proceedings},
  series    = {Lecture Notes in Computer Science},
  volume    = {947},
  publisher = {Springer},
  year      = {1995},
  isbn      = {3-540-60117-1},
  timestamp = {Thu, 27 Jun 2002 15:20:54 +0200},
  biburl    = {http://dblp.uni-trier.de/rec/bib/conf/mpc/1995},
  bibsource = {dblp computer science bibliography, http://dblp.org}
}

@incollection{van1983higher,
  title={Higher-order logic},
  author={Van Benthem, Johan and Doets, Kees},
  booktitle={Handbook of philosophical logic},
  pages={275--329},
  year={1983},
  publisher={Springer}
}

@book{DBLP:series/txtcs/BertotC04,
  author    = {Yves Bertot and
               Pierre Cast{\'{e}}ran},
  title     = {Interactive Theorem Proving and Program Development - Coq'Art: The
               Calculus of Inductive Constructions},
  series    = {Texts in Theoretical Computer Science. An {EATCS} Series},
  publisher = {Springer},
  year      = {2004},
  url       = {http://dx.doi.org/10.1007/978-3-662-07964-5},
  doi       = {10.1007/978-3-662-07964-5},
  isbn      = {978-3-642-05880-6},
  timestamp = {Wed, 09 Sep 2015 16:46:05 +0200},
  biburl    = {http://dblp.uni-trier.de/rec/bib/series/txtcs/BertotC04},
  bibsource = {dblp computer science bibliography, http://dblp.org}
}

@book{DBLP:books/sp/NipkowPW02,
  author    = {Tobias Nipkow and
               Lawrence C. Paulson and
               Markus Wenzel},
  title     = {Isabelle/HOL - {A} Proof Assistant for Higher-Order Logic},
  series    = {Lecture Notes in Computer Science},
  volume    = {2283},
  publisher = {Springer},
  year      = {2002},
  url       = {http://dx.doi.org/10.1007/3-540-45949-9},
  doi       = {10.1007/3-540-45949-9},
  isbn      = {3-540-43376-7},
  timestamp = {Mon, 27 Jun 2011 15:25:29 +0200},
  biburl    = {http://dblp.uni-trier.de/rec/bib/books/sp/NipkowPW02},
  bibsource = {dblp computer science bibliography, http://dblp.org}
}

@inproceedings{DBLP:conf/popl/StewartBCA15,
  author    = {Gordon Stewart and
               Lennart Beringer and
               Santiago Cuellar and
               Andrew W. Appel},
  title     = {Compositional {CompCert}},
  booktitle = {Proceedings of the 42nd Annual {ACM} {SIGPLAN-SIGACT} Symposium on
               Principles of Programming Languages, {POPL} 2015, Mumbai, India, January
               15-17, 2015},
  pages     = {275--287},
  year      = {2015},
  crossref  = {DBLP:conf/popl/2015},
  url       = {http://doi.acm.org/10.1145/2676726.2676985},
  doi       = {10.1145/2676726.2676985},
  timestamp = {Sat, 20 Dec 2014 16:58:56 +0100},
  biburl    = {http://dblp.uni-trier.de/rec/bib/conf/popl/StewartBCA15},
  bibsource = {dblp computer science bibliography, http://dblp.org}
}

@proceedings{DBLP:conf/popl/2015,
  editor    = {Sriram K. Rajamani and
               David Walker},
  title     = {Proceedings of the 42nd Annual {ACM} {SIGPLAN-SIGACT} Symposium on
               Principles of Programming Languages, {POPL} 2015, Mumbai, India, January
               15-17, 2015},
  publisher = {{ACM}},
  year      = {2015},
  url       = {http://dl.acm.org/citation.cfm?id=2676726},
  isbn      = {978-1-4503-3300-9},
  timestamp = {Sat, 20 Dec 2014 16:56:16 +0100},
  biburl    = {http://dblp.uni-trier.de/rec/bib/conf/popl/2015},
  bibsource = {dblp computer science bibliography, http://dblp.org}
}

@article{DBLP:journals/cacm/Leroy09,
  author    = {Xavier Leroy},
  title     = {Formal verification of a realistic compiler},
  journal   = {Commun. {ACM}},
  volume    = {52},
  number    = {7},
  pages     = {107--115},
  year      = {2009},
  url       = {http://doi.acm.org/10.1145/1538788.1538814},
  doi       = {10.1145/1538788.1538814},
  timestamp = {Thu, 02 Jul 2009 13:36:32 +0200},
  biburl    = {http://dblp.uni-trier.de/rec/bib/journals/cacm/Leroy09},
  bibsource = {dblp computer science bibliography, http://dblp.org}
}

@inproceedings{DBLP:conf/osdi/GuSCWKSC16,
  author    = {Ronghui Gu and
               Zhong Shao and
               Hao Chen and
               Xiongnan (Newman) Wu and
               Jieung Kim and
               Vilhelm Sj{\"{o}}berg and
               David Costanzo},
  title     = {{CertiKOS}: An Extensible Architecture for Building Certified Concurrent
               {OS} Kernels},
  booktitle = {12th {USENIX} Symposium on Operating Systems Design and Implementation,
               {OSDI} 2016, Savannah, GA, USA, November 2-4, 2016.},
  pages     = {653--669},
  year      = {2016},
  crossref  = {DBLP:conf/osdi/2016},
  url       = {https://www.usenix.org/conference/osdi16/technical-sessions/presentation/gu},
  timestamp = {Mon, 07 Nov 2016 14:38:04 +0100},
  biburl    = {http://dblp.uni-trier.de/rec/bib/conf/osdi/GuSCWKSC16},
  bibsource = {dblp computer science bibliography, http://dblp.org}
}

@proceedings{DBLP:conf/osdi/2016,
  editor    = {Kimberly Keeton and
               Timothy Roscoe},
  title     = {12th {USENIX} Symposium on Operating Systems Design and Implementation,
               {OSDI} 2016, Savannah, GA, USA, November 2-4, 2016},
  publisher = {{USENIX} Association},
  year      = {2016},
  url       = {https://www.usenix.org/conference/osdi16},
  timestamp = {Mon, 07 Nov 2016 14:36:51 +0100},
  biburl    = {http://dblp.uni-trier.de/rec/bib/conf/osdi/2016},
  bibsource = {dblp computer science bibliography, http://dblp.org}
}

@inproceedings{DBLP:conf/apsys/GuVFSC11,
  author    = {Liang Gu and
               Alexander Vaynberg and
               Bryan Ford and
               Zhong Shao and
               David Costanzo},
  title     = {{CertiKOS}: a certified kernel for secure cloud computing},
  booktitle = {APSys '11 Asia Pacific Workshop on Systems, Shanghai, China, July
               11-12, 2011},
  pages     = {3},
  year      = {2011},
  crossref  = {DBLP:conf/apsys/2011},
  url       = {http://doi.acm.org/10.1145/2103799.2103803},
  doi       = {10.1145/2103799.2103803},
  timestamp = {Thu, 08 Mar 2012 12:16:33 +0100},
  biburl    = {http://dblp.uni-trier.de/rec/bib/conf/apsys/GuVFSC11},
  bibsource = {dblp computer science bibliography, http://dblp.org}
}

@proceedings{DBLP:conf/apsys/2011,
  editor    = {Haibo Chen and
               Zheng Zhang and
               Sue Moon and
               Yuanyuan Zhou},
  title     = {APSys '11 Asia Pacific Workshop on Systems, Shanghai, China, July
               11-12, 2011},
  publisher = {{ACM}},
  year      = {2011},
  isbn      = {978-1-4503-1179-3},
  timestamp = {Thu, 08 Mar 2012 12:08:23 +0100},
  biburl    = {http://dblp.uni-trier.de/rec/bib/conf/apsys/2011},
  bibsource = {dblp computer science bibliography, http://dblp.org}
}

@inproceedings{DBLP:conf/cav/GardeyLMR05,
  author    = {Guillaume Gardey and
               Didier Lime and
               Morgan Magnin and
               Olivier H. Roux},
  title     = {Romeo: {A} Tool for Analyzing Time {Petri} Nets},
  booktitle = {Computer Aided Verification, 17th International Conference, {CAV}
               2005, Edinburgh, Scotland, UK, July 6-10, 2005, Proceedings},
  pages     = {418--423},
  year      = {2005},
  crossref  = {DBLP:conf/cav/2005},
  url       = {http://dx.doi.org/10.1007/11513988_41},
  doi       = {10.1007/11513988_41},
  timestamp = {Thu, 28 Jul 2005 14:48:28 +0200},
  biburl    = {http://dblp.uni-trier.de/rec/bib/conf/cav/GardeyLMR05},
  bibsource = {dblp computer science bibliography, http://dblp.org}
}

@proceedings{DBLP:conf/cav/2005,
  editor    = {Kousha Etessami and
               Sriram K. Rajamani},
  title     = {Computer Aided Verification, 17th International Conference, {CAV}
               2005, Edinburgh, Scotland, UK, July 6-10, 2005, Proceedings},
  series    = {Lecture Notes in Computer Science},
  volume    = {3576},
  publisher = {Springer},
  year      = {2005},
  isbn      = {3-540-27231-3},
  timestamp = {Thu, 28 Jul 2005 14:48:28 +0200},
  biburl    = {http://dblp.uni-trier.de/rec/bib/conf/cav/2005},
  bibsource = {dblp computer science bibliography, http://dblp.org}
}

@inproceedings{DBLP:conf/tphol/Syme93,
  author    = {Don Syme},
  title     = {Reasoning with the Formal Definition of Standard {ML} in {HOL}},
  booktitle = {Higher Order Logic Theorem Proving and its Applications, 6th International
               Workshop, {HUG} '93, Vancouver, BC, Canada, August 11-13, 1993, Proceedings},
  pages     = {43--60},
  year      = {1993},
  crossref  = {DBLP:conf/tphol/1993},
  url       = {http://dx.doi.org/10.1007/3-540-57826-9_124},
  doi       = {10.1007/3-540-57826-9_124},
  timestamp = {Tue, 29 Sep 2009 10:06:42 +0200},
  biburl    = {http://dblp.uni-trier.de/rec/bib/conf/tphol/Syme93},
  bibsource = {dblp computer science bibliography, http://dblp.org}
}

@proceedings{DBLP:conf/tphol/1993,
  editor    = {Jeffrey J. Joyce and
               Carl{-}Johan H. Seger},
  title     = {Higher Order Logic Theorem Proving and its Applications, 6th International
               Workshop, {HUG} '93, Vancouver, BC, Canada, August 11-13, 1993, Proceedings},
  series    = {Lecture Notes in Computer Science},
  volume    = {780},
  publisher = {Springer},
  year      = {1994},
  isbn      = {3-540-57826-9},
  timestamp = {Thu, 03 Jan 2002 12:10:28 +0100},
  biburl    = {http://dblp.uni-trier.de/rec/bib/conf/tphol/1993},
  bibsource = {dblp computer science bibliography, http://dblp.org}
}

@incollection{nikhil2008bluespec,
  title={Bluespec: A general-purpose approach to high-level synthesis based on parallel atomic transactions},
  author={Nikhil, Rishiyur S},
  booktitle={High-Level Synthesis},
  pages={129--146},
  year={2008},
  publisher={Springer}
}

@book{DBLP:books/daglib/0033100,
  author    = {Simon J. Thompson},
  title     = {Haskell - The Craft of Functional Programming, 3rd Edition},
  publisher = {Addison-Wesley},
  year      = {2011},
  url       = {http://www.addison-wesley.de/main/main.asp?page=englisch/bookdetails&productid=88158},
  isbn      = {978-0-2018-8295-7},
  timestamp = {Thu, 17 Apr 2014 19:48:00 +0200},
  biburl    = {http://dblp.uni-trier.de/rec/bib/books/daglib/0033100},
  bibsource = {dblp computer science bibliography, http://dblp.org}
}

@inproceedings{DBLP:conf/memocode/Nikhil04,
  author    = {Rishiyur S. Nikhil},
  title     = {{Bluespec System Verilog}: efficient, correct {RTL} from high level
               specifications},
  booktitle = {2nd {ACM} {\&} {IEEE} International Conference on Formal Methods
               and Models for Co-Design {(MEMOCODE} 2004), 23-25 June 2004, San Diego,
               California, USA, Proceedings},
  pages     = {69--70},
  year      = {2004},
  crossref  = {DBLP:conf/memocode/2004},
  url       = {http://dx.doi.org/10.1109/MEMCOD.2004.1459818},
  doi       = {10.1109/MEMCOD.2004.1459818},
  timestamp = {Thu, 06 Nov 2014 17:05:38 +0100},
  biburl    = {http://dblp.uni-trier.de/rec/bib/conf/memocode/Nikhil04},
  bibsource = {dblp computer science bibliography, http://dblp.org}
}

@proceedings{DBLP:conf/memocode/2004,
  title     = {2nd {ACM} {\&} {IEEE} International Conference on Formal Methods
               and Models for Co-Design {(MEMOCODE} 2004), 23-25 June 2004, San Diego,
               California, USA, Proceedings},
  publisher = {{IEEE}},
  year      = {2004},
  url       = {http://ieeexplore.ieee.org/xpl/mostRecentIssue.jsp?punumber=9882},
  isbn      = {0-7803-8509-8},
  timestamp = {Thu, 06 Nov 2014 17:05:38 +0100},
  biburl    = {http://dblp.uni-trier.de/rec/bib/conf/memocode/2004},
  bibsource = {dblp computer science bibliography, http://dblp.org}
}

@book{DBLP:books/daglib/0067153,
  author    = {Douglas A. Pucknell},
  title     = {Fundamentals of digital logic design - with {VLSI} circuit applications},
  series    = {Prentice Hall Silicon systems engineering series},
  publisher = {Prentice Hall},
  year      = {1990},
  isbn      = {978-0-7248-0432-0},
  timestamp = {Tue, 03 May 2011 16:29:32 +0200},
  biburl    = {http://dblp.uni-trier.de/rec/bib/books/daglib/0067153},
  bibsource = {dblp computer science bibliography, http://dblp.org}
}

@book{heath2002embedded,
  title={Embedded systems design},
  author={Heath, Steve},
  year={2002},
  publisher={Newnes}
}

@book{DBLP:books/daglib/0070484,
  author    = {Chin{-}Liang Chang and
               Richard C. T. Lee},
  title     = {Symbolic logic and mechanical theorem proving},
  series    = {Computer science classics},
  publisher = {Academic Press},
  year      = {1973},
  isbn      = {978-0-12-170350-9},
  timestamp = {Tue, 03 May 2011 16:29:34 +0200},
  biburl    = {http://dblp.uni-trier.de/rec/bib/books/daglib/0070484},
  bibsource = {dblp computer science bibliography, http://dblp.org}
}

@inproceedings{DBLP:conf/ac/Valmari96,
  author    = {Antti Valmari},
  title     = {The State Explosion Problem},
  booktitle = {Lectures on Petri Nets {I:} Basic Models, Advances in Petri Nets,
               the volumes are based on the Advanced Course on Petri Nets, held in
               Dagstuhl, September 1996},
  pages     = {429--528},
  year      = {1996},
  crossref  = {DBLP:conf/ac/1996petri1},
  url       = {http://dx.doi.org/10.1007/3-540-65306-6_21},
  doi       = {10.1007/3-540-65306-6_21},
  timestamp = {Wed, 28 Apr 2010 14:51:24 +0200},
  biburl    = {http://dblp.uni-trier.de/rec/bib/conf/ac/Valmari96},
  bibsource = {dblp computer science bibliography, http://dblp.org}
}

@proceedings{DBLP:conf/ac/1996petri1,
  editor    = {Wolfgang Reisig and
               Grzegorz Rozenberg},
  title     = {Lectures on Petri Nets {I:} Basic Models, Advances in Petri Nets,
               the volumes are based on the Advanced Course on Petri Nets, held in
               Dagstuhl, September 1996},
  series    = {Lecture Notes in Computer Science},
  volume    = {1491},
  publisher = {Springer},
  year      = {1998},
  isbn      = {3-540-65306-6},
  timestamp = {Thu, 02 Jan 2003 08:12:21 +0100},
  biburl    = {http://dblp.uni-trier.de/rec/bib/conf/ac/1996petri1},
  bibsource = {dblp computer science bibliography, http://dblp.org}
}

@article{DBLP:journals/isci/KheldounBI17,
  author    = {Ahmed Kheldoun and
               Kamel Barkaoui and
               Malika Ioualalen},
  title     = {Formal verification of complex business processes based on high-level
               Petri nets},
  journal   = {Inf. Sci.},
  volume    = {385},
  pages     = {39--54},
  year      = {2017},
  url       = {http://dx.doi.org/10.1016/j.ins.2016.12.044},
  doi       = {10.1016/j.ins.2016.12.044},
  timestamp = {Tue, 24 Jan 2017 17:33:13 +0100},
  biburl    = {http://dblp.uni-trier.de/rec/bib/journals/isci/KheldounBI17},
  bibsource = {dblp computer science bibliography, http://dblp.org}
}

@article{DBLP:journals/jwe/XuPW17,
  author    = {N. Xu and
               S.{-}P. Peng and
               Z.{-}G. Wang},
  title     = {Verifying Soundness of Geodata Web Service Composition Based on {Petri}
               Nets},
  journal   = {J. Web Eng.},
  volume    = {16},
  number    = {1{\&}2},
  pages     = {145--160},
  year      = {2017},
  url       = {http://www.rintonpress.com/xjwe16/jwe-16-12/145-160.pdf},
  timestamp = {Fri, 13 Jan 2017 07:35:54 +0100},
  biburl    = {http://dblp.uni-trier.de/rec/bib/journals/jwe/XuPW17},
  bibsource = {dblp computer science bibliography, http://dblp.org}
}

@article{DBLP:journals/tmc/ZhangAYM16,
  author    = {Xi Zhang and
               Junaid Ansari and
               Guangwei Yang and
               Petri M{\"{a}}h{\"{o}}nen},
  title     = {{TRUMP:} Efficient and Flexible Realization of Medium Access Control
               Protocols for Wireless Networks},
  journal   = {{IEEE} Trans. Mob. Comput.},
  volume    = {15},
  number    = {10},
  pages     = {2614--2626},
  year      = {2016},
  url       = {http://dx.doi.org/10.1109/TMC.2015.2499180},
  doi       = {10.1109/TMC.2015.2499180},
  timestamp = {Mon, 19 Sep 2016 15:58:56 +0200},
  biburl    = {http://dblp.uni-trier.de/rec/bib/journals/tmc/ZhangAYM16},
  bibsource = {dblp computer science bibliography, http://dblp.org}
}

@inproceedings{DBLP:conf/ACISicis/SalahBK15,
  author    = {Hela Ben Salah and
               Adel Benzina and
               Mohamed Khalgui},
  title     = {Petri Nets-based design of real-time reconfigurable networks on chips},
  booktitle = {14th {IEEE/ACIS} International Conference on Computer and Information
               Science, {ICIS} 2015, Las Vegas, NV, USA, June 28 - July 1, 2015},
  pages     = {597--604},
  year      = {2015},
  crossref  = {DBLP:conf/ACISicis/2015},
  url       = {http://dx.doi.org/10.1109/ICIS.2015.7166664},
  doi       = {10.1109/ICIS.2015.7166664},
  timestamp = {Wed, 21 Sep 2016 07:09:33 +0200},
  biburl    = {http://dblp.uni-trier.de/rec/bib/conf/ACISicis/SalahBK15},
  bibsource = {dblp computer science bibliography, http://dblp.org}
}

@proceedings{DBLP:conf/ACISicis/2015,
  editor    = {Takayuki Ito and
               Yanggon Kim and
               Naoki Fukuta},
  title     = {14th {IEEE/ACIS} International Conference on Computer and Information
               Science, {ICIS} 2015, Las Vegas, NV, USA, June 28 - July 1, 2015},
  publisher = {{IEEE} Computer Society},
  year      = {2015},
  url       = {http://ieeexplore.ieee.org/xpl/mostRecentIssue.jsp?punumber=7159923},
  isbn      = {978-1-4799-8679-8},
  timestamp = {Tue, 20 Sep 2016 16:28:59 +0200},
  biburl    = {http://dblp.uni-trier.de/rec/bib/conf/ACISicis/2015},
  bibsource = {dblp computer science bibliography, http://dblp.org}
}

@inproceedings{DBLP:conf/ascm/Gonthier07,
  author    = {Georges Gonthier},
  title     = {The Four Colour Theorem: Engineering of a Formal Proof},
  booktitle = {Computer Mathematics, 8th Asian Symposium, {ASCM} 2007, Singapore,
               December 15-17, 2007. Revised and Invited Papers},
  pages     = {333},
  year      = {2007},
  crossref  = {DBLP:conf/ascm/2007},
  url       = {http://dx.doi.org/10.1007/978-3-540-87827-8_28},
  doi       = {10.1007/978-3-540-87827-8_28},
  timestamp = {Thu, 23 Oct 2008 14:03:27 +0200},
  biburl    = {http://dblp.uni-trier.de/rec/bib/conf/ascm/Gonthier07},
  bibsource = {dblp computer science bibliography, http://dblp.org}
}

@proceedings{DBLP:conf/ascm/2007,
  editor    = {Deepak Kapur},
  title     = {Computer Mathematics, 8th Asian Symposium, {ASCM} 2007, Singapore,
               December 15-17, 2007. Revised and Invited Papers},
  series    = {Lecture Notes in Computer Science},
  volume    = {5081},
  publisher = {Springer},
  year      = {2008},
  isbn      = {978-3-540-87826-1},
  timestamp = {Thu, 23 Oct 2008 13:42:37 +0200},
  biburl    = {http://dblp.uni-trier.de/rec/bib/conf/ascm/2007},
  bibsource = {dblp computer science bibliography, http://dblp.org}
}

@article{DBLP:journals/jar/Paulson15,
  author    = {Lawrence C. Paulson},
  title     = {A Mechanised Proof of {G{\"{o}}del's} Incompleteness Theorems Using
               Nominal {Isabelle}},
  journal   = {J. Autom. Reasoning},
  volume    = {55},
  number    = {1},
  pages     = {1--37},
  year      = {2015},
  url       = {http://dx.doi.org/10.1007/s10817-015-9322-8},
  doi       = {10.1007/s10817-015-9322-8},
  timestamp = {Fri, 15 May 2015 14:19:02 +0200},
  biburl    = {http://dblp.uni-trier.de/rec/bib/journals/jar/Paulson15},
  bibsource = {dblp computer science bibliography, http://dblp.org}
}

@incollection{DBLP:books/el/leeuwen90/DershowitzJ90,
  author    = {Nachum Dershowitz and
               Jean{-}Pierre Jouannaud},
  title     = {Rewrite Systems},
  booktitle = {Handbook of Theoretical Computer Science, Volume {B:} Formal Models
               and Sematics {(B)}},
  pages     = {243--320},
  year      = {1990},
  timestamp = {Thu, 03 Jan 2002 11:51:17 +0100},
  biburl    = {http://dblp.uni-trier.de/rec/bib/books/el/leeuwen90/DershowitzJ90},
  bibsource = {dblp computer science bibliography, http://dblp.org}
}

@article{DBLP:journals/jacm/PetersonS81,
  author    = {Gerald E. Peterson and
               Mark E. Stickel},
  title     = {Complete Sets of Reductions for Some Equational Theories},
  journal   = {J. {ACM}},
  volume    = {28},
  number    = {2},
  pages     = {233--264},
  year      = {1981},
  url       = {http://doi.acm.org/10.1145/322248.322251},
  doi       = {10.1145/322248.322251},
  timestamp = {Thu, 20 Nov 2003 12:28:20 +0100},
  biburl    = {http://dblp.uni-trier.de/rec/bib/journals/jacm/PetersonS81},
  bibsource = {dblp computer science bibliography, http://dblp.org}
}

@inproceedings{DBLP:conf/ctrs/Gramlich94,
  author    = {Bernhard Gramlich},
  title     = {On Termination and Confluence of Conditional Rewrite Systems},
  booktitle = {Conditional and Typed Rewriting Systems, 4th International Workshop,
               CTRS-94, Jerusalem, Israel, July 13-15, 1994, Proceedings},
  pages     = {166--185},
  year      = {1994},
  crossref  = {DBLP:conf/ctrs/1994},
  url       = {http://dx.doi.org/10.1007/3-540-60381-6_10},
  doi       = {10.1007/3-540-60381-6_10},
  timestamp = {Thu, 23 Jun 2011 19:50:26 +0200},
  biburl    = {http://dblp.uni-trier.de/rec/bib/conf/ctrs/Gramlich94},
  bibsource = {dblp computer science bibliography, http://dblp.org}
}

@proceedings{DBLP:conf/ctrs/1994,
  editor    = {Nachum Dershowitz and
               Naomi Lindenstrauss},
  title     = {Conditional and Typed Rewriting Systems, 4th International Workshop,
               CTRS-94, Jerusalem, Israel, July 13-15, 1994, Proceedings},
  series    = {Lecture Notes in Computer Science},
  volume    = {968},
  publisher = {Springer},
  year      = {1995},
  isbn      = {3-540-60381-6},
  timestamp = {Tue, 06 Aug 2002 08:41:30 +0200},
  biburl    = {http://dblp.uni-trier.de/rec/bib/conf/ctrs/1994},
  bibsource = {dblp computer science bibliography, http://dblp.org}
}

@article{DBLP:journals/jucs/ClavelPR06,
  author    = {Manuel Clavel and
               Miguel Palomino and
               Adri{\'{a}}n Riesco},
  title     = {Introducing the {ITP} Tool: a Tutorial},
  journal   = {J. {UCS}},
  volume    = {12},
  number    = {11},
  pages     = {1618--1650},
  year      = {2006},
  url       = {http://dx.doi.org/10.3217/jucs-012-11-1618},
  doi       = {10.3217/jucs-012-11-1618},
  timestamp = {Thu, 23 Apr 2015 17:57:30 +0200},
  biburl    = {http://dblp.uni-trier.de/rec/bib/journals/jucs/ClavelPR06},
  bibsource = {dblp computer science bibliography, http://dblp.org}
}

@inproceedings{DBLP:conf/lics/Nipkow91,
  author    = {Tobias Nipkow},
  title     = {Higher-Order Critical Pairs},
  booktitle = {Proceedings of the Sixth Annual Symposium on Logic in Computer Science
               {(LICS} '91), Amsterdam, The Netherlands, July 15-18, 1991},
  pages     = {342--349},
  year      = {1991},
  crossref  = {DBLP:conf/lics/1991},
  url       = {http://dx.doi.org/10.1109/LICS.1991.151658},
  doi       = {10.1109/LICS.1991.151658},
  timestamp = {Thu, 22 Jan 2015 08:24:20 +0100},
  biburl    = {http://dblp.uni-trier.de/rec/bib/conf/lics/Nipkow91},
  bibsource = {dblp computer science bibliography, http://dblp.org}
}

@proceedings{DBLP:conf/lics/1991,
  title     = {Proceedings of the Sixth Annual Symposium on Logic in Computer Science
               {(LICS} '91), Amsterdam, The Netherlands, July 15-18, 1991},
  publisher = {{IEEE} Computer Society},
  year      = {1991},
  url       = {http://ieeexplore.ieee.org/xpl/mostRecentIssue.jsp?punumber=360},
  isbn      = {0-8186-2230-X},
  timestamp = {Fri, 21 Nov 2014 14:08:56 +0100},
  biburl    = {http://dblp.uni-trier.de/rec/bib/conf/lics/1991},
  bibsource = {dblp computer science bibliography, http://dblp.org}
}

@inproceedings{DBLP:conf/lics/JouannaudO91,
  author    = {Jean{-}Pierre Jouannaud and
               Mitsuhiro Okada},
  title     = {A Computation Model for Executable Higher-Order Algebraic Specification
               Languages},
  booktitle = {Proceedings of the Sixth Annual Symposium on Logic in Computer Science
               {(LICS} '91), Amsterdam, The Netherlands, July 15-18, 1991},
  pages     = {350--361},
  year      = {1991},
  crossref  = {DBLP:conf/lics/1991},
  url       = {http://dx.doi.org/10.1109/LICS.1991.151659},
  doi       = {10.1109/LICS.1991.151659},
  timestamp = {Thu, 22 Jan 2015 08:24:04 +0100},
  biburl    = {http://dblp.uni-trier.de/rec/bib/conf/lics/JouannaudO91},
  bibsource = {dblp computer science bibliography, http://dblp.org}
}

@article{DBLP:journals/cj/Hughes89,
  author    = {John Hughes},
  title     = {Why Functional Programming Matters},
  journal   = {Comput. J.},
  volume    = {32},
  number    = {2},
  pages     = {98--107},
  year      = {1989},
  url       = {http://dx.doi.org/10.1093/comjnl/32.2.98},
  doi       = {10.1093/comjnl/32.2.98},
  timestamp = {Tue, 28 Jun 2011 15:15:49 +0200},
  biburl    = {http://dblp.uni-trier.de/rec/bib/journals/cj/Hughes89},
  bibsource = {dblp computer science bibliography, http://dblp.org}
}

@article{DBLP:journals/jacm/Huet80,
  author    = {G{\'{e}}rard P. Huet},
  title     = {Confluent Reductions: Abstract Properties and Applications to Term
               Rewriting Systems},
  journal   = {J. {ACM}},
  volume    = {27},
  number    = {4},
  pages     = {797--821},
  year      = {1980},
  url       = {http://doi.acm.org/10.1145/322217.322230},
  doi       = {10.1145/322217.322230},
  timestamp = {Thu, 26 Jan 2012 17:31:31 +0100},
  biburl    = {http://dblp.uni-trier.de/rec/bib/journals/jacm/Huet80},
  bibsource = {dblp computer science bibliography, http://dblp.org}
}

@article{DBLP:journals/jsc/Book87,
  author    = {Ronald V. Book},
  title     = {Thue Systems as Rewriting Systems},
  journal   = {J. Symb. Comput.},
  volume    = {3},
  number    = {1/2},
  pages     = {39--68},
  year      = {1987},
  url       = {http://dx.doi.org/10.1016/S0747-7171(87)80021-4},
  doi       = {10.1016/S0747-7171(87)80021-4},
  timestamp = {Tue, 20 Sep 2011 11:17:57 +0200},
  biburl    = {http://dblp.uni-trier.de/rec/bib/journals/jsc/Book87},
  bibsource = {dblp computer science bibliography, http://dblp.org}
}

@article{DBLP:journals/tcs/Raoult84,
  author    = {Jean{-}Claude Raoult},
  title     = {On Graph Rewritings},
  journal   = {Theor. Comput. Sci.},
  volume    = {32},
  pages     = {1--24},
  year      = {1984},
  url       = {http://dx.doi.org/10.1016/0304-3975(84)90021-5},
  doi       = {10.1016/0304-3975(84)90021-5},
  timestamp = {Wed, 07 Sep 2011 12:13:20 +0200},
  biburl    = {http://dblp.uni-trier.de/rec/bib/journals/tcs/Raoult84},
  bibsource = {dblp computer science bibliography, http://dblp.org}
}

@inproceedings{DBLP:conf/csl/JouannaudL12,
  author    = {Jean{-}Pierre Jouannaud and
               Jianqi Li},
  title     = {{Church-Rosser} Properties of Normal Rewriting},
  booktitle = {Computer Science Logic (CSL'12) - 26th International Workshop/21st
               Annual Conference of the EACSL, {CSL} 2012, September 3-6, 2012, Fontainebleau,
               France},
  pages     = {350--365},
  year      = {2012},
  crossref  = {DBLP:conf/csl/2012},
  url       = {http://dx.doi.org/10.4230/LIPIcs.CSL.2012.350},
  doi       = {10.4230/LIPIcs.CSL.2012.350},
  timestamp = {Sun, 08 Nov 2015 18:33:34 +0100},
  biburl    = {http://dblp.uni-trier.de/rec/bib/conf/csl/JouannaudL12},
  bibsource = {dblp computer science bibliography, http://dblp.org}
}

@proceedings{DBLP:conf/csl/2012,
  editor    = {Patrick C{\'{e}}gielski and
               Arnaud Durand},
  title     = {Computer Science Logic (CSL'12) - 26th International Workshop/21st
               Annual Conference of the EACSL, {CSL} 2012, September 3-6, 2012, Fontainebleau,
               France},
  series    = {LIPIcs},
  volume    = {16},
  publisher = {Schloss Dagstuhl - Leibniz-Zentrum fuer Informatik},
  year      = {2012},
  url       = {http://drops.dagstuhl.de/opus/portals/extern/index.php?semnr=12009},
  isbn      = {978-3-939897-42-2},
  timestamp = {Sun, 08 Nov 2015 18:33:34 +0100},
  biburl    = {http://dblp.uni-trier.de/rec/bib/conf/csl/2012},
  bibsource = {dblp computer science bibliography, http://dblp.org}
}

@inproceedings{DBLP:conf/cav/Nadel14,
  author    = {Alexander Nadel},
  title     = {Bit-Vector Rewriting with Automatic Rule Generation},
  booktitle = {Computer Aided Verification - 26th International Conference, {CAV}
               2014, Held as Part of the Vienna Summer of Logic, {VSL} 2014, Vienna,
               Austria, July 18-22, 2014. Proceedings},
  pages     = {663--679},
  year      = {2014},
  crossref  = {DBLP:conf/cav/2014},
  url       = {http://dx.doi.org/10.1007/978-3-319-08867-9_44},
  doi       = {10.1007/978-3-319-08867-9_44},
  timestamp = {Mon, 30 Jun 2014 11:31:20 +0200},
  biburl    = {http://dblp.uni-trier.de/rec/bib/conf/cav/Nadel14},
  bibsource = {dblp computer science bibliography, http://dblp.org}
}

@proceedings{DBLP:conf/cav/2014,
  editor    = {Armin Biere and
               Roderick Bloem},
  title     = {Computer Aided Verification - 26th International Conference, {CAV}
               2014, Held as Part of the Vienna Summer of Logic, {VSL} 2014, Vienna,
               Austria, July 18-22, 2014. Proceedings},
  series    = {Lecture Notes in Computer Science},
  volume    = {8559},
  publisher = {Springer},
  year      = {2014},
  url       = {http://dx.doi.org/10.1007/978-3-319-08867-9},
  doi       = {10.1007/978-3-319-08867-9},
  isbn      = {978-3-319-08866-2},
  timestamp = {Mon, 30 Jun 2014 11:23:38 +0200},
  biburl    = {http://dblp.uni-trier.de/rec/bib/conf/cav/2014},
  bibsource = {dblp computer science bibliography, http://dblp.org}
}

@article{DBLP:journals/cn/Holzmann93,
  author    = {Gerard J. Holzmann},
  title     = {Design and Validation of Protocols: {A} Tutorial},
  journal   = {Computer Networks and {ISDN} Systems},
  volume    = {25},
  number    = {9},
  pages     = {981--1017},
  year      = {1993},
  url       = {http://dx.doi.org/10.1016/0169-7552(93)90095-L},
  doi       = {10.1016/0169-7552(93)90095-L},
  timestamp = {Tue, 05 Jul 2011 17:31:59 +0200},
  biburl    = {http://dblp.uni-trier.de/rec/bib/journals/cn/Holzmann93},
  bibsource = {dblp computer science bibliography, http://dblp.org}
}

@proceedings{DBLP:conf/maude/2007,
  editor    = {Manuel Clavel and
               Francisco Dur{\'{a}}n and
               Steven Eker and
               Patrick Lincoln and
               Narciso Mart{\'{\i}}{-}Oliet and
               Jos{\'{e}} Meseguer and
               Carolyn L. Talcott},
  title     = {All About {Maude} - {A} High-Performance Logical Framework, How to Specify,
               Program and Verify Systems in Rewriting Logic},
  series    = {Lecture Notes in Computer Science},
  volume    = {4350},
  publisher = {Springer},
  year      = {2007},
  isbn      = {978-3-540-71940-3},
  timestamp = {Tue, 08 Jan 2008 09:43:31 +0100},
  biburl    = {http://dblp.uni-trier.de/rec/bib/conf/maude/2007},
  bibsource = {dblp computer science bibliography, http://dblp.org}
}

@article{DBLP:journals/scp/BaeKMO15,
  author    = {Kyungmin Bae and
               Joshua Krisiloff and
               Jos{\'{e}} Meseguer and
               Peter Csaba {\"{O}}lveczky},
  title     = {Designing and verifying distributed cyber-physical systems using Multirate
               {PALS:} An airplane turning control system case study},
  journal   = {Sci. Comput. Program.},
  volume    = {103},
  pages     = {13--50},
  year      = {2015},
  url       = {http://dx.doi.org/10.1016/j.scico.2014.09.011},
  doi       = {10.1016/j.scico.2014.09.011},
  timestamp = {Thu, 12 Mar 2015 09:49:17 +0100},
  biburl    = {http://dblp.uni-trier.de/rec/bib/journals/scp/BaeKMO15},
  bibsource = {dblp computer science bibliography, http://dblp.org}
}

@article{DBLP:journals/entcs/EkerMS02,
  author    = {Steven Eker and
               Jos{\'{e}} Meseguer and
               Ambarish Sridharanarayanan},
  title     = {The {Maude} {LTL} Model Checker},
  journal   = {Electr. Notes Theor. Comput. Sci.},
  volume    = {71},
  pages     = {162--187},
  year      = {2002},
  url       = {http://dx.doi.org/10.1016/S1571-0661(05)82534-4},
  doi       = {10.1016/S1571-0661(05)82534-4},
  timestamp = {Tue, 21 Jun 2011 16:43:30 +0200},
  biburl    = {http://dblp.uni-trier.de/rec/bib/journals/entcs/EkerMS02},
  bibsource = {dblp computer science bibliography, http://dblp.org}
}

@article{DBLP:journals/cacm/Hoare69,
  author    = {C. A. R. Hoare},
  title     = {An Axiomatic Basis for Computer Programming},
  journal   = {Commun. {ACM}},
  volume    = {12},
  number    = {10},
  pages     = {576--580},
  year      = {1969},
  url       = {http://doi.acm.org/10.1145/363235.363259},
  doi       = {10.1145/363235.363259},
  timestamp = {Thu, 20 Nov 2003 13:06:13 +0100},
  biburl    = {http://dblp.uni-trier.de/rec/bib/journals/cacm/Hoare69},
  bibsource = {dblp computer science bibliography, http://dblp.org}
}

@inproceedings{DBLP:conf/lop/ClarkeE81,
  author    = {Edmund M. Clarke and
               E. Allen Emerson},
  title     = {Design and Synthesis of Synchronization Skeletons Using Branching-Time
               Temporal Logic},
  booktitle = {Logics of Programs, Workshop, Yorktown Heights, New York, May 1981},
  pages     = {52--71},
  year      = {1981},
  crossref  = {DBLP:conf/lop/1981},
  url       = {http://dx.doi.org/10.1007/BFb0025774},
  doi       = {10.1007/BFb0025774},
  timestamp = {Fri, 10 Jun 2011 14:41:11 +0200},
  biburl    = {http://dblp.uni-trier.de/rec/bib/conf/lop/ClarkeE81},
  bibsource = {dblp computer science bibliography, http://dblp.org}
}

@proceedings{DBLP:conf/lop/1981,
  editor    = {Dexter Kozen},
  title     = {Logics of Programs, Workshop, Yorktown Heights, New York, May 1981},
  series    = {Lecture Notes in Computer Science},
  volume    = {131},
  publisher = {Springer},
  year      = {1982},
  isbn      = {3-540-11212-X},
  timestamp = {Tue, 18 Jul 2006 07:21:45 +0200},
  biburl    = {http://dblp.uni-trier.de/rec/bib/conf/lop/1981},
  bibsource = {dblp computer science bibliography, http://dblp.org}
}

@article{DBLP:journals/jacm/EmersonH86,
  author    = {E. Allen Emerson and
               Joseph Y. Halpern},
  title     = {"Sometimes" and "Not Never" revisited: on branching versus linear
               time temporal logic},
  journal   = {J. {ACM}},
  volume    = {33},
  number    = {1},
  pages     = {151--178},
  year      = {1986},
  url       = {http://doi.acm.org/10.1145/4904.4999},
  doi       = {10.1145/4904.4999},
  timestamp = {Thu, 30 Mar 2017 16:18:17 +0200},
  biburl    = {http://dblp.uni-trier.de/rec/bib/journals/jacm/EmersonH86},
  bibsource = {dblp computer science bibliography, http://dblp.org}
}

@article{DBLP:journals/jcss/EmersonH85,
  author    = {E. Allen Emerson and
               Joseph Y. Halpern},
  title     = {Decision Procedures and Expressiveness in the Temporal Logic of Branching
               Time},
  journal   = {J. Comput. Syst. Sci.},
  volume    = {30},
  number    = {1},
  pages     = {1--24},
  year      = {1985},
  url       = {http://dx.doi.org/10.1016/0022-0000(85)90001-7},
  doi       = {10.1016/0022-0000(85)90001-7},
  timestamp = {Tue, 05 Jul 2011 11:10:40 +0200},
  biburl    = {http://dblp.uni-trier.de/rec/bib/journals/jcss/EmersonH85},
  bibsource = {dblp computer science bibliography, http://dblp.org}
}

@article{DBLP:journals/tse/Lamport77,
  author    = {Leslie Lamport},
  title     = {Proving the Correctness of Multiprocess Programs},
  journal   = {{IEEE} Trans. Software Eng.},
  volume    = {3},
  number    = {2},
  pages     = {125--143},
  year      = {1977},
  url       = {http://dx.doi.org/10.1109/TSE.1977.229904},
  doi       = {10.1109/TSE.1977.229904},
  timestamp = {Thu, 10 Dec 2015 11:33:03 +0100},
  biburl    = {http://dblp.uni-trier.de/rec/bib/journals/tse/Lamport77},
  bibsource = {dblp computer science bibliography, http://dblp.org}
}

@inproceedings{DBLP:conf/lics/PodelskiR04,
  author    = {Andreas Podelski and
               Andrey Rybalchenko},
  title     = {Transition Invariants},
  booktitle = {19th {IEEE} Symposium on Logic in Computer Science {(LICS} 2004),
               14-17 July 2004, Turku, Finland, Proceedings},
  pages     = {32--41},
  year      = {2004},
  crossref  = {DBLP:conf/lics/2004},
  url       = {http://dx.doi.org/10.1109/LICS.2004.1319598},
  doi       = {10.1109/LICS.2004.1319598},
  timestamp = {Fri, 21 Nov 2014 14:08:56 +0100},
  biburl    = {http://dblp.uni-trier.de/rec/bib/conf/lics/PodelskiR04},
  bibsource = {dblp computer science bibliography, http://dblp.org}
}

@proceedings{DBLP:conf/lics/2004,
  title     = {19th {IEEE} Symposium on Logic in Computer Science {(LICS} 2004),
               14-17 July 2004, Turku, Finland, Proceedings},
  publisher = {{IEEE} Computer Society},
  year      = {2004},
  url       = {http://ieeexplore.ieee.org/xpl/mostRecentIssue.jsp?punumber=9221},
  isbn      = {0-7695-2192-4},
  timestamp = {Fri, 21 Nov 2014 14:08:55 +0100},
  biburl    = {http://dblp.uni-trier.de/rec/bib/conf/lics/2004},
  bibsource = {dblp computer science bibliography, http://dblp.org}
}

@inproceedings{DBLP:conf/popl/BerdineCCDO07,
  author    = {Josh Berdine and
               Aziem Chawdhary and
               Byron Cook and
               Dino Distefano and
               Peter W. O'Hearn},
  title     = {Variance analyses from invariance analyses},
  booktitle = {Proceedings of the 34th {ACM} {SIGPLAN-SIGACT} Symposium on Principles
               of Programming Languages, {POPL} 2007, Nice, France, January 17-19,
               2007},
  pages     = {211--224},
  year      = {2007},
  crossref  = {DBLP:conf/popl/2007},
  url       = {http://doi.acm.org/10.1145/1190216.1190249},
  doi       = {10.1145/1190216.1190249},
  timestamp = {Tue, 05 Nov 2013 17:32:56 +0100},
  biburl    = {http://dblp.uni-trier.de/rec/bib/conf/popl/BerdineCCDO07},
  bibsource = {dblp computer science bibliography, http://dblp.org}
}

@proceedings{DBLP:conf/popl/2007,
  editor    = {Martin Hofmann and
               Matthias Felleisen},
  title     = {Proceedings of the 34th {ACM} {SIGPLAN-SIGACT} Symposium on Principles
               of Programming Languages, {POPL} 2007, Nice, France, January 17-19,
               2007},
  publisher = {{ACM}},
  year      = {2007},
  url       = {http://dl.acm.org/citation.cfm?id=1190216},
  isbn      = {1-59593-575-4},
  timestamp = {Tue, 05 Nov 2013 17:32:56 +0100},
  biburl    = {http://dblp.uni-trier.de/rec/bib/conf/popl/2007},
  bibsource = {dblp computer science bibliography, http://dblp.org}
}

@inproceedings{DBLP:conf/tacas/Urban15,
  author    = {Caterina Urban},
  title     = {{FuncTion}: An Abstract Domain Functor for Termination - (Competition
               Contribution)},
  booktitle = {Tools and Algorithms for the Construction and Analysis of Systems
               - 21st International Conference, {TACAS} 2015, Held as Part of the
               European Joint Conferences on Theory and Practice of Software, {ETAPS}
               2015, London, UK, April 11-18, 2015. Proceedings},
  pages     = {464--466},
  year      = {2015},
  crossref  = {DBLP:conf/tacas/2015},
  url       = {http://dx.doi.org/10.1007/978-3-662-46681-0_46},
  doi       = {10.1007/978-3-662-46681-0_46},
  timestamp = {Wed, 08 Apr 2015 11:31:07 +0200},
  biburl    = {http://dblp.uni-trier.de/rec/bib/conf/tacas/Urban15},
  bibsource = {dblp computer science bibliography, http://dblp.org}
}

@proceedings{DBLP:conf/tacas/2015,
  editor    = {Christel Baier and
               Cesare Tinelli},
  title     = {Tools and Algorithms for the Construction and Analysis of Systems
               - 21st International Conference, {TACAS} 2015, Held as Part of the
               European Joint Conferences on Theory and Practice of Software, {ETAPS}
               2015, London, UK, April 11-18, 2015. Proceedings},
  series    = {Lecture Notes in Computer Science},
  volume    = {9035},
  publisher = {Springer},
  year      = {2015},
  url       = {http://dx.doi.org/10.1007/978-3-662-46681-0},
  doi       = {10.1007/978-3-662-46681-0},
  isbn      = {978-3-662-46680-3},
  timestamp = {Wed, 08 Apr 2015 11:30:56 +0200},
  biburl    = {http://dblp.uni-trier.de/rec/bib/conf/tacas/2015},
  bibsource = {dblp computer science bibliography, http://dblp.org}
}

@inproceedings{DBLP:conf/sas/Urban13,
  author    = {Caterina Urban},
  title     = {The Abstract Domain of Segmented Ranking Functions},
  booktitle = {Static Analysis - 20th International Symposium, {SAS} 2013, Seattle,
               WA, USA, June 20-22, 2013. Proceedings},
  pages     = {43--62},
  year      = {2013},
  crossref  = {DBLP:conf/sas/2013},
  url       = {http://dx.doi.org/10.1007/978-3-642-38856-9_5},
  doi       = {10.1007/978-3-642-38856-9_5},
  timestamp = {Mon, 17 Jun 2013 13:05:16 +0200},
  biburl    = {http://dblp.uni-trier.de/rec/bib/conf/sas/Urban13},
  bibsource = {dblp computer science bibliography, http://dblp.org}
}

@proceedings{DBLP:conf/sas/2013,
  editor    = {Francesco Logozzo and
               Manuel F{\"{a}}hndrich},
  title     = {Static Analysis - 20th International Symposium, {SAS} 2013, Seattle,
               WA, USA, June 20-22, 2013. Proceedings},
  series    = {Lecture Notes in Computer Science},
  volume    = {7935},
  publisher = {Springer},
  year      = {2013},
  url       = {http://dx.doi.org/10.1007/978-3-642-38856-9},
  doi       = {10.1007/978-3-642-38856-9},
  isbn      = {978-3-642-38855-2},
  timestamp = {Mon, 17 Jun 2013 13:01:32 +0200},
  biburl    = {http://dblp.uni-trier.de/rec/bib/conf/sas/2013},
  bibsource = {dblp computer science bibliography, http://dblp.org}
}

@inproceedings{DBLP:conf/sas/AliasDFG10,
  author    = {Christophe Alias and
               Alain Darte and
               Paul Feautrier and
               Laure Gonnord},
  title     = {Multi-dimensional Rankings, Program Termination, and Complexity Bounds
               of Flowchart Programs},
  booktitle = {Static Analysis - 17th International Symposium, {SAS} 2010, Perpignan,
               France, September 14-16, 2010. Proceedings},
  pages     = {117--133},
  year      = {2010},
  crossref  = {DBLP:conf/sas/2010},
  url       = {http://dx.doi.org/10.1007/978-3-642-15769-1_8},
  doi       = {10.1007/978-3-642-15769-1_8},
  timestamp = {Tue, 21 Sep 2010 14:57:19 +0200},
  biburl    = {http://dblp.uni-trier.de/rec/bib/conf/sas/AliasDFG10},
  bibsource = {dblp computer science bibliography, http://dblp.org}
}

@proceedings{DBLP:conf/sas/2010,
  editor    = {Radhia Cousot and
               Matthieu Martel},
  title     = {Static Analysis - 17th International Symposium, {SAS} 2010, Perpignan,
               France, September 14-16, 2010. Proceedings},
  series    = {Lecture Notes in Computer Science},
  volume    = {6337},
  publisher = {Springer},
  year      = {2010},
  url       = {http://dx.doi.org/10.1007/978-3-642-15769-1},
  doi       = {10.1007/978-3-642-15769-1},
  isbn      = {978-3-642-15768-4},
  timestamp = {Tue, 21 Sep 2010 14:53:41 +0200},
  biburl    = {http://dblp.uni-trier.de/rec/bib/conf/sas/2010},
  bibsource = {dblp computer science bibliography, http://dblp.org}
}

@inproceedings{DBLP:conf/padl/PodelskiR07,
  author    = {Andreas Podelski and
               Andrey Rybalchenko},
  title     = {{ARMC:} The Logical Choice for Software Model Checking with Abstraction
               Refinement},
  booktitle = {Practical Aspects of Declarative Languages, 9th International Symposium,
               {PADL} 2007, Nice, France, January 14-15, 2007.},
  pages     = {245--259},
  year      = {2007},
  crossref  = {DBLP:conf/padl/2007},
  url       = {http://dx.doi.org/10.1007/978-3-540-69611-7_16},
  doi       = {10.1007/978-3-540-69611-7_16},
  timestamp = {Tue, 08 May 2007 15:19:23 +0200},
  biburl    = {http://dblp.uni-trier.de/rec/bib/conf/padl/PodelskiR07},
  bibsource = {dblp computer science bibliography, http://dblp.org}
}

@proceedings{DBLP:conf/padl/2007,
  editor    = {Michael Hanus},
  title     = {Practical Aspects of Declarative Languages, 9th International Symposium,
               {PADL} 2007, Nice, France, January 14-15, 2007},
  series    = {Lecture Notes in Computer Science},
  volume    = {4354},
  publisher = {Springer},
  year      = {2007},
  isbn      = {978-3-540-69608-7},
  timestamp = {Tue, 08 May 2007 15:19:23 +0200},
  biburl    = {http://dblp.uni-trier.de/rec/bib/conf/padl/2007},
  bibsource = {dblp computer science bibliography, http://dblp.org}
}

@inproceedings{DBLP:conf/cav/KroeningSTW10,
  author    = {Daniel Kroening and
               Natasha Sharygina and
               Aliaksei Tsitovich and
               Christoph M. Wintersteiger},
  title     = {Termination Analysis with Compositional Transition Invariants},
  booktitle = {Computer Aided Verification, 22nd International Conference, {CAV}
               2010, Edinburgh, UK, July 15-19, 2010. Proceedings},
  pages     = {89--103},
  year      = {2010},
  crossref  = {DBLP:conf/cav/2010},
  url       = {http://dx.doi.org/10.1007/978-3-642-14295-6_9},
  doi       = {10.1007/978-3-642-14295-6_9},
  timestamp = {Sun, 24 Jul 2016 12:05:33 +0200},
  biburl    = {http://dblp.uni-trier.de/rec/bib/conf/cav/KroeningSTW10},
  bibsource = {dblp computer science bibliography, http://dblp.org}
}

@proceedings{DBLP:conf/cav/2010,
  editor    = {Tayssir Touili and
               Byron Cook and
               Paul B. Jackson},
  title     = {Computer Aided Verification, 22nd International Conference, {CAV}
               2010, Edinburgh, UK, July 15-19, 2010. Proceedings},
  series    = {Lecture Notes in Computer Science},
  volume    = {6174},
  publisher = {Springer},
  year      = {2010},
  url       = {http://dx.doi.org/10.1007/978-3-642-14295-6},
  doi       = {10.1007/978-3-642-14295-6},
  isbn      = {978-3-642-14294-9},
  timestamp = {Sun, 24 Jul 2016 12:05:33 +0200},
  biburl    = {http://dblp.uni-trier.de/rec/bib/conf/cav/2010},
  bibsource = {dblp computer science bibliography, http://dblp.org}
}

@inproceedings{DBLP:conf/tacas/TsitovichSWK11,
  author    = {Aliaksei Tsitovich and
               Natasha Sharygina and
               Christoph M. Wintersteiger and
               Daniel Kroening},
  title     = {Loop Summarization and Termination Analysis},
  booktitle = {Tools and Algorithms for the Construction and Analysis of Systems
               - 17th International Conference, {TACAS} 2011, Held as Part of the
               Joint European Conferences on Theory and Practice of Software, {ETAPS}
               2011, Saarbr{\"{u}}cken, Germany, March 26-April 3, 2011. Proceedings},
  pages     = {81--95},
  year      = {2011},
  crossref  = {DBLP:conf/tacas/2011},
  url       = {http://dx.doi.org/10.1007/978-3-642-19835-9_9},
  doi       = {10.1007/978-3-642-19835-9_9},
  timestamp = {Tue, 22 Mar 2011 10:46:12 +0100},
  biburl    = {http://dblp.uni-trier.de/rec/bib/conf/tacas/TsitovichSWK11},
  bibsource = {dblp computer science bibliography, http://dblp.org}
}

@proceedings{DBLP:conf/tacas/2011,
  editor    = {Parosh Aziz Abdulla and
               K. Rustan M. Leino},
  title     = {Tools and Algorithms for the Construction and Analysis of Systems
               - 17th International Conference, {TACAS} 2011, Held as Part of the
               Joint European Conferences on Theory and Practice of Software, {ETAPS}
               2011, Saarbr{\"{u}}cken, Germany, March 26-April 3, 2011. Proceedings},
  series    = {Lecture Notes in Computer Science},
  volume    = {6605},
  publisher = {Springer},
  year      = {2011},
  url       = {http://dx.doi.org/10.1007/978-3-642-19835-9},
  doi       = {10.1007/978-3-642-19835-9},
  isbn      = {978-3-642-19834-2},
  timestamp = {Tue, 22 Mar 2011 10:43:24 +0100},
  biburl    = {http://dblp.uni-trier.de/rec/bib/conf/tacas/2011},
  bibsource = {dblp computer science bibliography, http://dblp.org}
}

@inproceedings{DBLP:conf/pldi/CookPR06,
  author    = {Byron Cook and
               Andreas Podelski and
               Andrey Rybalchenko},
  title     = {Termination proofs for systems code},
  booktitle = {Proceedings of the {ACM} {SIGPLAN} 2006 Conference on Programming
               Language Design and Implementation, Ottawa, Ontario, Canada, June
               11-14, 2006},
  pages     = {415--426},
  year      = {2006},
  crossref  = {DBLP:conf/pldi/2006},
  url       = {http://doi.acm.org/10.1145/1133981.1134029},
  doi       = {10.1145/1133981.1134029},
  timestamp = {Mon, 17 Jul 2006 21:50:00 +0200},
  biburl    = {http://dblp.uni-trier.de/rec/bib/conf/pldi/CookPR06},
  bibsource = {dblp computer science bibliography, http://dblp.org}
}

@proceedings{DBLP:conf/pldi/2006,
  editor    = {Michael I. Schwartzbach and
               Thomas Ball},
  title     = {Proceedings of the {ACM} {SIGPLAN} 2006 Conference on Programming
               Language Design and Implementation, Ottawa, Ontario, Canada, June
               11-14, 2006},
  publisher = {{ACM}},
  year      = {2006},
  isbn      = {1-59593-320-4},
  timestamp = {Mon, 17 Jul 2006 21:50:00 +0200},
  biburl    = {http://dblp.uni-trier.de/rec/bib/conf/pldi/2006},
  bibsource = {dblp computer science bibliography, http://dblp.org}
}

@inproceedings{DBLP:conf/tacas/UrbanGK16,
  author    = {Caterina Urban and
               Arie Gurfinkel and
               Temesghen Kahsai},
  title     = {Synthesizing Ranking Functions from Bits and Pieces},
  booktitle = {Tools and Algorithms for the Construction and Analysis of Systems
               - 22nd International Conference, {TACAS} 2016, Held as Part of the
               European Joint Conferences on Theory and Practice of Software, {ETAPS}
               2016, Eindhoven, The Netherlands, April 2-8, 2016, Proceedings},
  pages     = {54--70},
  year      = {2016},
  crossref  = {DBLP:conf/tacas/2016},
  url       = {http://dx.doi.org/10.1007/978-3-662-49674-9_4},
  doi       = {10.1007/978-3-662-49674-9_4},
  timestamp = {Mon, 11 Apr 2016 15:34:17 +0200},
  biburl    = {http://dblp.uni-trier.de/rec/bib/conf/tacas/UrbanGK16},
  bibsource = {dblp computer science bibliography, http://dblp.org}
}

@inproceedings{DBLP:conf/kbse/ChenDKSW15,
  author    = {Hong{-}Yi Chen and
               Cristina David and
               Daniel Kroening and
               Peter Schrammel and
               Bj{\"{o}}rn Wachter},
  title     = {Synthesising Interprocedural Bit-Precise Termination Proofs},
  booktitle = {30th {IEEE/ACM} International Conference on Automated Software Engineering,
               {ASE} 2015, Lincoln, NE, USA, November 9-13, 2015},
  pages     = {53--64},
  year      = {2015},
  crossref  = {DBLP:conf/kbse/2015},
  url       = {http://dx.doi.org/10.1109/ASE.2015.10},
  doi       = {10.1109/ASE.2015.10},
  timestamp = {Fri, 06 May 2016 09:56:58 +0200},
  biburl    = {http://dblp.uni-trier.de/rec/bib/conf/kbse/ChenDKSW15},
  bibsource = {dblp computer science bibliography, http://dblp.org}
}

@proceedings{DBLP:conf/kbse/2015,
  editor    = {Myra B. Cohen and
               Lars Grunske and
               Michael Whalen},
  title     = {30th {IEEE/ACM} International Conference on Automated Software Engineering,
               {ASE} 2015, Lincoln, NE, USA, November 9-13, 2015},
  publisher = {{IEEE} Computer Society},
  year      = {2015},
  url       = {http://ieeexplore.ieee.org/xpl/mostRecentIssue.jsp?punumber=7371449},
  isbn      = {978-1-5090-0025-8},
  timestamp = {Fri, 06 May 2016 09:56:26 +0200},
  biburl    = {http://dblp.uni-trier.de/rec/bib/conf/kbse/2015},
  bibsource = {dblp computer science bibliography, http://dblp.org}
}

@inproceedings{DBLP:conf/cade/GieslBEFFOPSSST14,
  author    = {J{\"{u}}rgen Giesl and
               Marc Brockschmidt and
               Fabian Emmes and
               Florian Frohn and
               Carsten Fuhs and
               Carsten Otto and
               Martin Pl{\"{u}}cker and
               Peter Schneider{-}Kamp and
               Thomas Str{\"{o}}der and
               Stephanie Swiderski and
               Ren{\'{e}} Thiemann},
  title     = {Proving Termination of Programs Automatically with {AProVE}},
  booktitle = {Automated Reasoning - 7th International Joint Conference, {IJCAR}
               2014, Held as Part of the Vienna Summer of Logic, {VSL} 2014, Vienna,
               Austria, July 19-22, 2014. Proceedings},
  pages     = {184--191},
  year      = {2014},
  crossref  = {DBLP:conf/cade/2014},
  url       = {http://dx.doi.org/10.1007/978-3-319-08587-6_13},
  doi       = {10.1007/978-3-319-08587-6_13},
  timestamp = {Wed, 29 Mar 2017 16:45:22 +0200},
  biburl    = {http://dblp.uni-trier.de/rec/bib/conf/cade/GieslBEFFOPSSST14},
  bibsource = {dblp computer science bibliography, http://dblp.org}
}

@inproceedings{DBLP:conf/lpar/Kop015,
  author    = {Cynthia Kop and
               Naoki Nishida},
  title     = {Constrained Term Rewriting tooL},
  booktitle = {Logic for Programming, Artificial Intelligence, and Reasoning - 20th
               International Conference, {LPAR-20} 2015, Suva, Fiji, November 24-28,
               2015, Proceedings},
  pages     = {549--557},
  year      = {2015},
  crossref  = {DBLP:conf/lpar/2015},
  url       = {http://dx.doi.org/10.1007/978-3-662-48899-7_38},
  doi       = {10.1007/978-3-662-48899-7_38},
  timestamp = {Wed, 02 Dec 2015 15:09:37 +0100},
  biburl    = {http://dblp.uni-trier.de/rec/bib/conf/lpar/Kop015},
  bibsource = {dblp computer science bibliography, http://dblp.org}
}

@proceedings{DBLP:conf/lpar/2015,
  editor    = {Martin Davis and
               Ansgar Fehnker and
               Annabelle McIver and
               Andrei Voronkov},
  title     = {Logic for Programming, Artificial Intelligence, and Reasoning - 20th
               International Conference, {LPAR-20} 2015, Suva, Fiji, November 24-28,
               2015, Proceedings},
  series    = {Lecture Notes in Computer Science},
  volume    = {9450},
  publisher = {Springer},
  year      = {2015},
  url       = {http://dx.doi.org/10.1007/978-3-662-48899-7},
  doi       = {10.1007/978-3-662-48899-7},
  isbn      = {978-3-662-48898-0},
  timestamp = {Wed, 02 Dec 2015 15:05:10 +0100},
  biburl    = {http://dblp.uni-trier.de/rec/bib/conf/lpar/2015},
  bibsource = {dblp computer science bibliography, http://dblp.org}
}

@unpublished{KN15,
  title = {Converting {C} to {LCTRSs}},
  author = {Cynthia Kop and Naoki Nishida},
  year = {2015},
  month = dec,
  note = {Available online: \url{http://www.trs.cm.is.nagoya-u.ac.jp/c2lctrs/formal.pdf}}
}

@inproceedings{DBLP:conf/pldi/LeQC15,
  author    = {Ton Chanh Le and
               Shengchao Qin and
               Wei{-}Ngan Chin},
  title     = {Termination and non-termination specification inference},
  booktitle = {Proceedings of the 36th {ACM} {SIGPLAN} Conference on Programming
               Language Design and Implementation, Portland, OR, USA, June 15-17,
               2015},
  pages     = {489--498},
  year      = {2015},
  crossref  = {DBLP:conf/pldi/2015},
  url       = {http://doi.acm.org/10.1145/2737924.2737993},
  doi       = {10.1145/2737924.2737993},
  timestamp = {Fri, 05 Jun 2015 07:31:54 +0200},
  biburl    = {http://dblp.uni-trier.de/rec/bib/conf/pldi/LeQC15},
  bibsource = {dblp computer science bibliography, http://dblp.org}
}

@proceedings{DBLP:conf/pldi/2015,
  editor    = {David Grove and
               Steve Blackburn},
  title     = {Proceedings of the 36th {ACM} {SIGPLAN} Conference on Programming
               Language Design and Implementation, Portland, OR, USA, June 15-17,
               2015},
  publisher = {{ACM}},
  year      = {2015},
  url       = {http://dl.acm.org/citation.cfm?id=2737924},
  isbn      = {978-1-4503-3468-6},
  timestamp = {Fri, 05 Jun 2015 07:23:07 +0200},
  biburl    = {http://dblp.uni-trier.de/rec/bib/conf/pldi/2015},
  bibsource = {dblp computer science bibliography, http://dblp.org}
}

@inproceedings{DBLP:conf/cav/HeizmannHP14,
  author    = {Matthias Heizmann and
               Jochen Hoenicke and
               Andreas Podelski},
  title     = {Termination Analysis by Learning Terminating Programs},
  booktitle = {Computer Aided Verification - 26th International Conference, {CAV}
               2014, Held as Part of the Vienna Summer of Logic, {VSL} 2014, Vienna,
               Austria, July 18-22, 2014. Proceedings},
  pages     = {797--813},
  year      = {2014},
  crossref  = {DBLP:conf/cav/2014},
  url       = {http://dx.doi.org/10.1007/978-3-319-08867-9_53},
  doi       = {10.1007/978-3-319-08867-9_53},
  timestamp = {Mon, 30 Jun 2014 11:31:20 +0200},
  biburl    = {http://dblp.uni-trier.de/rec/bib/conf/cav/HeizmannHP14},
  bibsource = {dblp computer science bibliography, http://dblp.org}
}

@article{DBLP:journals/cacm/King76,
  author    = {James C. King},
  title     = {Symbolic Execution and Program Testing},
  journal   = {Commun. {ACM}},
  volume    = {19},
  number    = {7},
  pages     = {385--394},
  year      = {1976},
  url       = {http://doi.acm.org/10.1145/360248.360252},
  doi       = {10.1145/360248.360252},
  timestamp = {Tue, 07 Jun 2011 16:51:04 +0200},
  biburl    = {http://dblp.uni-trier.de/rec/bib/journals/cacm/King76},
  bibsource = {dblp computer science bibliography, http://dblp.org}
}

@inproceedings{DBLP:conf/cgo/LattnerA04,
  author    = {Chris Lattner and
               Vikram S. Adve},
  title     = {{LLVM:} {A} Compilation Framework for Lifelong Program Analysis {\&}
               Transformation},
  booktitle = {2nd {IEEE} / {ACM} International Symposium on Code Generation and
               Optimization {(CGO} 2004), 20-24 March 2004, San Jose, CA, {USA}},
  pages     = {75--88},
  year      = {2004},
  crossref  = {DBLP:conf/cgo/2004},
  url       = {http://dx.doi.org/10.1109/CGO.2004.1281665},
  doi       = {10.1109/CGO.2004.1281665},
  timestamp = {Fri, 24 Apr 2015 14:24:51 +0200},
  biburl    = {http://dblp.uni-trier.de/rec/bib/conf/cgo/LattnerA04},
  bibsource = {dblp computer science bibliography, http://dblp.org}
}

@proceedings{DBLP:conf/cgo/2004,
  title     = {2nd {IEEE} / {ACM} International Symposium on Code Generation and
               Optimization {(CGO} 2004), 20-24 March 2004, San Jose, CA, {USA}},
  publisher = {{IEEE} Computer Society},
  year      = {2004},
  url       = {http://ieeexplore.ieee.org/xpl/mostRecentIssue.jsp?punumber=9012},
  isbn      = {0-7695-2102-9},
  timestamp = {Fri, 24 Apr 2015 14:24:50 +0200},
  biburl    = {http://dblp.uni-trier.de/rec/bib/conf/cgo/2004},
  bibsource = {dblp computer science bibliography, http://dblp.org}
}

@article{DBLP:journals/cacm/Keller76,
  author    = {Robert M. Keller},
  title     = {Formal Verification of Parallel Programs},
  journal   = {Commun. {ACM}},
  volume    = {19},
  number    = {7},
  pages     = {371--384},
  year      = {1976},
  url       = {http://doi.acm.org/10.1145/360248.360251},
  doi       = {10.1145/360248.360251},
  timestamp = {Tue, 07 Jun 2011 16:51:04 +0200},
  biburl    = {http://dblp.uni-trier.de/rec/bib/journals/cacm/Keller76},
  bibsource = {dblp computer science bibliography, http://dblp.org}
}

@misc{dragonegg,
  title = {{DragonEgg}},
  url = {http://dragonegg.llvm.org/}
}

@article{DBLP:journals/computer/WolfeBSTW81,
  author    = {Martin I. Wolfe and
               Wayne A. Babich and
               Richard Simpson and
               Richard Thall and
               Larry Weissman},
  title     = {The {Ada} Language System},
  journal   = {{IEEE} Computer},
  volume    = {14},
  number    = {6},
  pages     = {37--45},
  year      = {1981},
  url       = {http://dx.doi.org/10.1109/C-M.1981.220493},
  doi       = {10.1109/C-M.1981.220493},
  timestamp = {Fri, 18 Dec 2015 12:56:04 +0100},
  biburl    = {http://dblp.uni-trier.de/rec/bib/journals/computer/WolfeBSTW81},
  bibsource = {dblp computer science bibliography, http://dblp.org}
}

@book{DBLP:books/sp/ChiversS15,
  author    = {Ian D. Chivers and
               Jane Sleightholme},
  title     = {Introduction to Programming with Fortran - With Coverage of Fortran
               90, 95, 2003, 2008 and 77, Third Edition},
  publisher = {Springer},
  year      = {2015},
  url       = {http://dx.doi.org/10.1007/978-3-319-17701-4},
  doi       = {10.1007/978-3-319-17701-4},
  isbn      = {978-3-319-17700-7},
  timestamp = {Mon, 10 Aug 2015 17:53:04 +0200},
  biburl    = {http://dblp.uni-trier.de/rec/bib/books/sp/ChiversS15},
  bibsource = {dblp computer science bibliography, http://dblp.org}
}

@inproceedings{DBLP:conf/rta/KorpSZM09,
  author    = {Martin Korp and
               Christian Sternagel and
               Harald Zankl and
               Aart Middeldorp},
  title     = {{Tyrolean Termination Tool} 2},
  booktitle = {Rewriting Techniques and Applications, 20th International Conference,
               {RTA} 2009, Bras{\'{\i}}lia, Brazil, June 29 - July 1, 2009,
               Proceedings},
  pages     = {295--304},
  year      = {2009},
  crossref  = {DBLP:conf/rta/2009},
  url       = {http://dx.doi.org/10.1007/978-3-642-02348-4_21},
  doi       = {10.1007/978-3-642-02348-4_21},
  timestamp = {Tue, 23 Jun 2009 12:10:46 +0200},
  biburl    = {http://dblp.uni-trier.de/rec/bib/conf/rta/KorpSZM09},
  bibsource = {dblp computer science bibliography, http://dblp.org}
}

@proceedings{DBLP:conf/rta/2009,
  editor    = {Ralf Treinen},
  title     = {Rewriting Techniques and Applications, 20th International Conference,
               {RTA} 2009, Bras{\'{\i}}lia, Brazil, June 29 - July 1, 2009,
               Proceedings},
  series    = {Lecture Notes in Computer Science},
  volume    = {5595},
  publisher = {Springer},
  year      = {2009},
  url       = {http://dx.doi.org/10.1007/978-3-642-02348-4},
  doi       = {10.1007/978-3-642-02348-4},
  isbn      = {978-3-642-02347-7},
  timestamp = {Tue, 23 Jun 2009 12:10:33 +0200},
  biburl    = {http://dblp.uni-trier.de/rec/bib/conf/rta/2009},
  bibsource = {dblp computer science bibliography, http://dblp.org}
}

@article{DBLP:journals/tse/Weiser84,
  author    = {Mark Weiser},
  title     = {Program Slicing},
  journal   = {{IEEE} Trans. Software Eng.},
  volume    = {10},
  number    = {4},
  pages     = {352--357},
  year      = {1984},
  url       = {http://dx.doi.org/10.1109/TSE.1984.5010248},
  doi       = {10.1109/TSE.1984.5010248},
  timestamp = {Thu, 10 Dec 2015 11:33:08 +0100},
  biburl    = {http://dblp.uni-trier.de/rec/bib/journals/tse/Weiser84},
  bibsource = {dblp computer science bibliography, http://dblp.org}
}

@article{DBLP:journals/tie/LiuZSGS17,
  author    = {Jiaxiang Liu and
               Min Zhou and
               Xiaoyu Song and
               Ming Gu and
               Jiaguang Sun},
  title     = {Formal Modeling and Verification of a Rate-Monotonic Scheduling Implementation
               with {Real-Time Maude}},
  journal   = {{IEEE} Trans. Industrial Electronics},
  volume    = {64},
  number    = {4},
  pages     = {3239--3249},
  year      = {2017},
  url       = {http://dx.doi.org/10.1109/TIE.2016.2633476},
  doi       = {10.1109/TIE.2016.2633476},
  timestamp = {Wed, 15 Mar 2017 17:45:47 +0100},
  biburl    = {http://dblp.uni-trier.de/rec/bib/journals/tie/LiuZSGS17},
  bibsource = {dblp computer science bibliography, http://dblp.org}
}

@inproceedings{DBLP:conf/rta/GieslTSF04,
  author    = {J{\"{u}}rgen Giesl and
               Ren{\'{e}} Thiemann and
               Peter Schneider{-}Kamp and
               Stephan Falke},
  title     = {Automated Termination Proofs with {AProVE}},
  booktitle = {Rewriting Techniques and Applications, 15th International Conference,
               {RTA} 2004, Aachen, Germany, June 3-5, 2004, Proceedings},
  pages     = {210--220},
  year      = {2004},
  crossref  = {DBLP:conf/rta/2004},
  url       = {http://dx.doi.org/10.1007/978-3-540-25979-4_15},
  doi       = {10.1007/978-3-540-25979-4_15},
  timestamp = {Tue, 09 Dec 2014 17:26:35 +0100},
  biburl    = {http://dblp.uni-trier.de/rec/bib/conf/rta/GieslTSF04},
  bibsource = {dblp computer science bibliography, http://dblp.org}
}

@proceedings{DBLP:conf/rta/2004,
  editor    = {Vincent van Oostrom},
  title     = {Rewriting Techniques and Applications, 15th International Conference,
               {RTA} 2004, Aachen, Germany, June 3-5, 2004, Proceedings},
  series    = {Lecture Notes in Computer Science},
  volume    = {3091},
  publisher = {Springer},
  year      = {2004},
  isbn      = {3-540-22153-0},
  timestamp = {Wed, 01 Sep 2004 11:46:42 +0200},
  biburl    = {http://dblp.uni-trier.de/rec/bib/conf/rta/2004},
  bibsource = {dblp computer science bibliography, http://dblp.org}
}

@inproceedings{DBLP:conf/models/WangZCGS16,
  author    = {Dexi Wang and
               Chao Zhang and
               Guang Chen and
               Ming Gu and
               Jiaguang Sun},
  title     = {C Code Verification based on the Extended Labeled Transition System
               Model},
  booktitle = {Proceedings of the MoDELS 2016 Demo and Poster Sessions co-located
               with {ACM/IEEE} 19th International Conference on Model Driven Engineering
               Languages and Systems (MoDELS 2016), Saint-Malo, France, October 2-7,
               2016.},
  pages     = {48--55},
  year      = {2016},
  crossref  = {DBLP:conf/models/2016dp},
  url       = {http://ceur-ws.org/Vol-1725/demo7.pdf},
  timestamp = {Mon, 21 Nov 2016 15:04:27 +0100},
  biburl    = {http://dblp.uni-trier.de/rec/bib/conf/models/WangZCGS16},
  bibsource = {dblp computer science bibliography, http://dblp.org}
}

@proceedings{DBLP:conf/models/2016dp,
  editor    = {Juan de Lara and
               Peter J. Clarke and
               Mehrdad Sabetzadeh},
  title     = {Proceedings of the MoDELS 2016 Demo and Poster Sessions co-located
               with {ACM/IEEE} 19th International Conference on Model Driven Engineering
               Languages and Systems (MoDELS 2016), Saint-Malo, France, October 2-7,
               2016},
  series    = {{CEUR} Workshop Proceedings},
  volume    = {1725},
  publisher = {CEUR-WS.org},
  year      = {2016},
  url       = {http://ceur-ws.org/Vol-1725},
  urn       = {urn:nbn:de:0074-1725-7},
  timestamp = {Mon, 21 Nov 2016 14:59:52 +0100},
  biburl    = {http://dblp.uni-trier.de/rec/bib/conf/models/2016dp},
  bibsource = {dblp computer science bibliography, http://dblp.org}
}

@inproceedings{DBLP:conf/tacas/MouraB08,
  author    = {Leonardo Mendon{\c{c}}a de Moura and
               Nikolaj Bj{\o}rner},
  title     = {{Z3:} An Efficient {SMT} Solver},
  booktitle = {Tools and Algorithms for the Construction and Analysis of Systems,
               14th International Conference, {TACAS} 2008, Held as Part of the Joint
               European Conferences on Theory and Practice of Software, {ETAPS} 2008,
               Budapest, Hungary, March 29-April 6, 2008. Proceedings},
  pages     = {337--340},
  year      = {2008},
  crossref  = {DBLP:conf/tacas/2008},
  url       = {http://dx.doi.org/10.1007/978-3-540-78800-3_24},
  doi       = {10.1007/978-3-540-78800-3_24},
  timestamp = {Thu, 28 May 2015 17:23:18 +0200},
  biburl    = {http://dblp.uni-trier.de/rec/bib/conf/tacas/MouraB08},
  bibsource = {dblp computer science bibliography, http://dblp.org}
}

@proceedings{DBLP:conf/tacas/2008,
  editor    = {C. R. Ramakrishnan and
               Jakob Rehof},
  title     = {Tools and Algorithms for the Construction and Analysis of Systems,
               14th International Conference, {TACAS} 2008, Held as Part of the Joint
               European Conferences on Theory and Practice of Software, {ETAPS} 2008,
               Budapest, Hungary, March 29-April 6, 2008. Proceedings},
  series    = {Lecture Notes in Computer Science},
  volume    = {4963},
  publisher = {Springer},
  year      = {2008},
  url       = {http://dx.doi.org/10.1007/978-3-540-78800-3},
  doi       = {10.1007/978-3-540-78800-3},
  isbn      = {978-3-540-78799-0},
  timestamp = {Thu, 28 May 2015 17:23:18 +0200},
  biburl    = {http://dblp.uni-trier.de/rec/bib/conf/tacas/2008},
  bibsource = {dblp computer science bibliography, http://dblp.org}
}

@misc{tpdb,
  title = {{Termination Problems Data Base}},
  url = {http://cl2-informatik.uibk.ac.at/mercurial.cgi/TPDB}
}


@misc{term-competition,
  title = {{Termination Competition}},
  url = {http://termination-portal.org/wiki/Termination_Competition}
}

@inproceedings{DBLP:conf/tacas/Beyer16,
  author    = {Dirk Beyer},
  title     = {Reliable and Reproducible Competition Results with {BenchExec} and Witnesses
               (Report on {SV-COMP} 2016)},
  booktitle = {Tools and Algorithms for the Construction and Analysis of Systems
               - 22nd International Conference, {TACAS} 2016, Held as Part of the
               European Joint Conferences on Theory and Practice of Software, {ETAPS}
               2016, Eindhoven, The Netherlands, April 2-8, 2016, Proceedings},
  pages     = {887--904},
  year      = {2016},
  crossref  = {DBLP:conf/tacas/2016},
  url       = {http://dx.doi.org/10.1007/978-3-662-49674-9_55},
  doi       = {10.1007/978-3-662-49674-9_55},
  timestamp = {Mon, 13 Jun 2016 13:25:11 +0200},
  biburl    = {http://dblp.uni-trier.de/rec/bib/conf/tacas/Beyer16},
  bibsource = {dblp computer science bibliography, http://dblp.org}
}

