@book{IEEE-1363,
  author =       {{IEEE Std 1363-2000}},
  title =        {{IEEE} Standard Specifications for Public-Key Cryptography},
  address =      {New York},
  publisher =    {IEEE},
  year =         2000
}

@inproceedings{kocher99,
  author =       {C. Kocher and J. Jaffe and B. Jun},
  title =        {Differential Power Analysis},
  editor =       {M. Wiener},
  booktitle =    {Advances in Cryptology ({CRYPTO}~'99)},
  series =       {Lecture Notes in Computer Science},
  volume =       1666,
  pages =        {388-397},
  publisher =    {Springer-Verlag},
  month =        {August},
  year =         1999
}

@incollection{Krasnogor2004e,
  author =       {N. Krasnogor},
  title =        {Towards robust memetic algorithms},
  booktitle =    {Recent Advances in Memetic Algorithms},
  publisher =    {Springer Berlin Heidelberg},
  year =         2004,
  pages =        {185-207},
  editor =       {W.E. Hart and N. Krasnogor and J.E. Smith},
  volume =       166,
  series =       {Studies in Fuzziness and Soft Computing},
  address =      {New York},
}

@incollection{zjsw,
  author =       {班固},
  title =        {苏武传},
  booktitle =    {传记散文英华},
  publisher =    {湖北人民出版社},
  year =         1998,
  pages =        {65-69},
  editor =       {郑在瀛 and 汪超宏 and 周文复},
  volume =       2,
  series =       {新古文观止丛书},
  address =      {武汉},
  lang =         {zh},
}

@inbook{clzs,
  author =       {阎真},
  title =        {沧浪之水},
  chapter =      {大人物还是讲人情的},
  pages =        {185-207},
  publisher =    {人民文学出版社},
  year =         2001,
  lang =         {zh},
}

@book{tex,
  author =       "Donald E. Knuth",
  title =        "The {\TeX} Book",
  publisher =    "Addison-Wesley Publishing Company",
  address =      "Reading, MA",
  year =         1989,
  edition =      "15th",
}

@book{companion,
  author =       "Michel Goosens and Frank Mittelbach and Alexander Samarin",
  title =        "The {\LaTeX} Companion",
  publisher =    "Addison-Wesley Publishing Company",
  address =      "Reading, MA",
  PAGES =        "112--125",
  year =         1994,
}

@article{ELIDRISSI94,
  author =       "{Chafik El Idrissi}, M. and {Roney}, A. and {Frigon}, C. and
                  {Larzilli{\`e}re}, M.",
  title =        "Measurements of total kinetic-energy released to the {$N=2$}
                  dissociation limit of {H}$_2$ --- evidence of the dissociation
                  of very high vibrational {R}ydberg states of {H}$_2$ by
                  doubly-excited states",
  journal =      "Chemical Physics Letters",
  pages =        "260-266",
  volume =       224,
  number =       10,
  year =         1994,
}

@article{MELLINGER96,
  author =       "Mellinger, A. and Vidal, C. R. and Jungen, Ch.",
  title =        "Laser reduced fluorescence study of the carbon-monoxide nd
                  triplet {R}ydberg series-experimental results and multichannel
                  quantum-defect analysis",
  journal =      "J. Chem. Phys.",
  pages =        "8913-8921",
  volume =       104,
  number =       5,
  year =         1996,
}

@article{SHELL02,
  author =       "Michael Shell",
  title =        "How to Use the {IEEEtran \LaTeX} Class",
  journal =      "Journal of {\LaTeX} Class Files",
  year =         2002,
  volume =       12,
  number =       4,
  pages =        "100--120"
}

@TechReport{NPB2,
  title =        {The {NAS} Parallel Benchmarks 2.0},
  author =       {Alex Woo and David Bailey and Maurice Yarrow and Wijngaart
                  Wijngaart and Tim Harris and William Saphir},
  year =         1995,
  month =        dec # "~05",
  institution =  "The Pennsylvania State University CiteSeer Archives",
  url =          "http://www.nasa.org/"
}

@inproceedings{DPMG,
  author =       {Kim, Sangbum and Woo, Namyoon and Yeom, Heon Y. and Park,
                  Taesoon and Park, Hyoungwoo},
  title =        {Design and {I}mplementation of {D}ynamic {P}rocess
                  {M}anagement for {G}rid-enabled {MPICH}},
  booktitle =    {the 10th European PVM/MPI Users' Group Conference},
  year =         2003,
  address =      {Venice, Italy},
  month =        sep,
}

@inproceedings{cnproceed,
  author =       {王重阳 and 黄药师 and 欧阳峰 and 洪七公 and 段皇帝},
  title =        {武林高手从入门到精通},
  booktitle =    {第~$N$~次华山论剑},
  year =         2006,
  address =      {西安, 中国},
  month =        sep,
  lang =         "zh",
}

@article{cnarticle,
  author =       "贾宝玉 and 林黛玉 and 薛宝钗 and 贾探春",
  title =        "论刘姥姥食量大如牛之现实意义",
  journal =      "红楼梦杂谈",
  pages =        "260--266",
  volume =       224,
  year =         1800,
  lang =         "zh",
}

@mastersthesis{zhubajie,
  author =       {八戒},
  title =        {论流体食物的持久保存},
  school =       {广寒宫大学},
  year =         2005,
  address =      {北京},
  lang =         "zh",
}

@phdthesis{shaheshang,
  author =       {沙和尚},
  title =        {论流沙河的综合治理},
  school =       {清华大学},
  year =         2005,
  address =      {北京},
  lang =         "zh",
}

@mastersthesis{metamori2004,
  author =       {Ashwin Raju Jeyakumar},
  title =        {Metamori: A library for Incremental File Checkpointing},
  school =       {Virgina Tech},
  year =         2004,
  month =        jun # "~21",
  address =      {Blacksburg},
}

@phdthesis{FistSystem01,
  author =       "Erez Zadok",
  title =        "{FiST: A System for Stackable File System Code Generation}",
  year =         2001,
  month =        "May",
  school =       "Computer Science Department, Columbia University",
  address =      "USA"
}

@inbook{ColdSources,
  author =       {P. Gr{\"o}ning and L. Nilsson and P. Ruffieux and R.
                  Clergereaux and O. Gr{\"o}ning},
  title =        {Encyclopedia of Nanoscience and Nanotechnology},
  pages =        {547--579},
  publisher =    {American Scientific Publishers},
  year =         2004,
  volume =       1,
}

@online{chuban2001,
  author =      {萧钰},
  title =       {出版业信息化迈入快车道},
  modifydate =  {2001-12-19},
  citedate =    {2002-04-15},
  url =         {http://www.creader.com/news/200112190019.htm},
  lang =        {zh},
}

@online{oclc2000,
  author =      {{Online Computer Library Center, Inc.}},
  title =       {History of {OCLC}},
  citedate =    {2000-01-08},
  url =         {http://www.oclc.org/about/history/default.htm},
}


@inproceedings{DBLP:conf/csl/LiuJO15,
  author    = {Jiaxiang Liu and
               Jean{-}Pierre Jouannaud and
               Mizuhito Ogawa},
  title     = {Confluence of Layered Rewrite Systems},
  booktitle = {24th {EACSL} Annual Conference on Computer Science Logic, {CSL} 2015,
               September 7-10, 2015, Berlin, Germany},
  pages     = {423--440},
  year      = {2015},
  crossref  = {DBLP:conf/csl/2015},
  url       = {http://dx.doi.org/10.4230/LIPIcs.CSL.2015.423},
  doi       = {10.4230/LIPIcs.CSL.2015.423},
  timestamp = {Mon, 14 Sep 2015 16:03:03 +0200},
  biburl    = {http://dblp.uni-trier.de/rec/bib/conf/csl/LiuJO15},
  bibsource = {dblp computer science bibliography, http://dblp.org}
}

@proceedings{DBLP:conf/csl/2015,
  editor    = {Stephan Kreutzer},
  title     = {24th {EACSL} Annual Conference on Computer Science Logic, {CSL} 2015,
               September 7-10, 2015, Berlin, Germany},
  series    = {LIPIcs},
  volume    = {41},
  publisher = {Schloss Dagstuhl - Leibniz-Zentrum fuer Informatik},
  year      = {2015},
  url       = {http://www.dagstuhl.de/dagpub/978-3-939897-90-3},
  isbn      = {978-3-939897-90-3},
  timestamp = {Mon, 14 Sep 2015 16:03:03 +0200},
  biburl    = {http://dblp.uni-trier.de/rec/bib/conf/csl/2015},
  bibsource = {dblp computer science bibliography, http://dblp.org}
}

@inproceedings{DBLP:conf/birthday/LiuJ14,
  author    = {Jiaxiang Liu and
               Jean{-}Pierre Jouannaud},
  title     = {Confluence: The Unifying, Expressive Power of Locality},
  booktitle = {Specification, Algebra, and Software - Essays Dedicated to Kokichi
               Futatsugi},
  pages     = {337--358},
  year      = {2014},
  crossref  = {DBLP:conf/birthday/2014futatsugi},
  url       = {http://dx.doi.org/10.1007/978-3-642-54624-2_17},
  doi       = {10.1007/978-3-642-54624-2_17},
  timestamp = {Wed, 09 Apr 2014 10:10:58 +0200},
  biburl    = {http://dblp.uni-trier.de/rec/bib/conf/birthday/LiuJ14},
  bibsource = {dblp computer science bibliography, http://dblp.org}
}

@proceedings{DBLP:conf/birthday/2014futatsugi,
  editor    = {Shusaku Iida and
               Jos{\'{e}} Meseguer and
               Kazuhiro Ogata},
  title     = {Specification, Algebra, and Software - Essays Dedicated to Kokichi
               Futatsugi},
  series    = {Lecture Notes in Computer Science},
  volume    = {8373},
  publisher = {Springer},
  year      = {2014},
  url       = {http://dx.doi.org/10.1007/978-3-642-54624-2},
  doi       = {10.1007/978-3-642-54624-2},
  isbn      = {978-3-642-54623-5},
  timestamp = {Wed, 09 Apr 2014 10:03:48 +0200},
  biburl    = {http://dblp.uni-trier.de/rec/bib/conf/birthday/2014futatsugi},
  bibsource = {dblp computer science bibliography, http://dblp.org}
}

@inproceedings{DBLP:conf/rta/LiuDJ14,
  author    = {Jiaxiang Liu and
               Nachum Dershowitz and
               Jean{-}Pierre Jouannaud},
  title     = {Confluence by Critical Pair Analysis},
  booktitle = {Rewriting and Typed Lambda Calculi - Joint International Conference,
               {RTA-TLCA} 2014, Held as Part of the Vienna Summer of Logic, {VSL}
               2014, Vienna, Austria, July 14-17, 2014. Proceedings},
  pages     = {287--302},
  year      = {2014},
  crossref  = {DBLP:conf/rta/2014},
  url       = {http://dx.doi.org/10.1007/978-3-319-08918-8_20},
  doi       = {10.1007/978-3-319-08918-8_20},
  timestamp = {Wed, 02 Jul 2014 14:41:28 +0200},
  biburl    = {http://dblp.uni-trier.de/rec/bib/conf/rta/LiuDJ14},
  bibsource = {dblp computer science bibliography, http://dblp.org}
}

@proceedings{DBLP:conf/rta/2014,
  editor    = {Gilles Dowek},
  title     = {Rewriting and Typed Lambda Calculi - Joint International Conference,
               {RTA-TLCA} 2014, Held as Part of the Vienna Summer of Logic, {VSL}
               2014, Vienna, Austria, July 14-17, 2014. Proceedings},
  series    = {Lecture Notes in Computer Science},
  volume    = {8560},
  publisher = {Springer},
  year      = {2014},
  url       = {http://dx.doi.org/10.1007/978-3-319-08918-8},
  doi       = {10.1007/978-3-319-08918-8},
  isbn      = {978-3-319-08917-1},
  timestamp = {Wed, 02 Jul 2014 14:41:28 +0200},
  biburl    = {http://dblp.uni-trier.de/rec/bib/conf/rta/2014},
  bibsource = {dblp computer science bibliography, http://dblp.org}
}

@article{DBLP:journals/tcs/JouannaudL12,
  author    = {Jean{-}Pierre Jouannaud and
               Jiaxiang Liu},
  title     = {From diagrammatic confluence to modularity},
  journal   = {Theoretical Computer Science},
  volume    = {464},
  pages     = {20--34},
  year      = {2012},
  url       = {http://dx.doi.org/10.1016/j.tcs.2012.08.030},
  doi       = {10.1016/j.tcs.2012.08.030},
  timestamp = {Sat, 10 Nov 2012 19:14:23 +0100},
  biburl    = {http://dblp.uni-trier.de/rec/bib/journals/tcs/JouannaudL12},
  bibsource = {dblp computer science bibliography, http://dblp.org}
}

@ARTICLE{tie/Liu, 
author={J. Liu and M. Zhou and X. Song and M. Gu and J. Sun}, 
journal={IEEE Transactions on Industrial Electronics}, 
title={Formal Modeling and Verification of a Rate-Monotonic Scheduling Implementation with {Real-Time Maude}}, 
year={2016}, 
volume={PP}, 
number={99}, 
pages={1-1}, 
keywords={Analytical models;Job shop scheduling;Mathematical model;Object oriented modeling;Real-time systems;Schedules;Scheduling algorithms;Embedded systems;formal verification;modeling;real-time systems;rewriting logic;scheduling}, 
doi={10.1109/TIE.2016.2633476}, 
ISSN={0278-0046}, 
month={}
}

@book{Kaye1991-KAYMOP,
	author = {Richard Kaye},
	publisher = {Clarendon Press},
	title = {Models of Peano Arithmetic},
	year = {1991}
}

@inproceedings{DBLP:conf/rta/Dauchet89,
  author    = {Max Dauchet},
  title     = {Simulation of Turning Machines by a Left-Linear Rewrite Rule},
  booktitle = {Rewriting Techniques and Applications, 3rd International Conference,
               RTA-89, Chapel Hill, North Carolina, USA, April 3-5, 1989, Proceedings},
  pages     = {109--120},
  year      = {1989},
  crossref  = {DBLP:conf/rta/1989},
  url       = {http://dx.doi.org/10.1007/3-540-51081-8_103},
  doi       = {10.1007/3-540-51081-8_103},
  timestamp = {Wed, 23 Sep 2009 10:33:29 +0200},
  biburl    = {http://dblp.uni-trier.de/rec/bib/conf/rta/Dauchet89},
  bibsource = {dblp computer science bibliography, http://dblp.org}
}

@proceedings{DBLP:conf/rta/1989,
  editor    = {Nachum Dershowitz},
  title     = {Rewriting Techniques and Applications, 3rd International Conference,
               RTA-89, Chapel Hill, North Carolina, USA, April 3-5, 1989, Proceedings},
  series    = {Lecture Notes in Computer Science},
  volume    = {355},
  publisher = {Springer},
  year      = {1989},
  isbn      = {3-540-51081-8},
  timestamp = {Wed, 13 Mar 2002 10:42:07 +0100},
  biburl    = {http://dblp.uni-trier.de/rec/bib/conf/rta/1989},
  bibsource = {dblp computer science bibliography, http://dblp.org}
}

@TechReport{tech1978, 
  author = {G{\'{e}}rard Huet and D. Lankford},
  title = {On the Uniform Halting Problem for Term Rewriting Systems},
  institution = "IRIA, Rocquencourt, France",
  year = 1978,
  type = "Rapport Laboria",
  number = "283"
}

@article{DBLP:journals/tcs/Lescanne94,
  author    = {Pierre Lescanne},
  title     = {On Termination of One Rule Rewrite Systems},
  journal   = {Theor. Comput. Sci.},
  volume    = {132},
  number    = {2},
  pages     = {395--401},
  year      = {1994},
  url       = {http://dx.doi.org/10.1016/0304-3975(94)00029-8},
  doi       = {10.1016/0304-3975(94)00029-8},
  timestamp = {Wed, 07 Sep 2011 12:13:22 +0200},
  biburl    = {http://dblp.uni-trier.de/rec/bib/journals/tcs/Lescanne94},
  bibsource = {dblp computer science bibliography, http://dblp.org}
}

@inproceedings{DBLP:conf/tlca/JouannaudL15,
  author    = {Jean{-}Pierre Jouannaud and
               Jianqi Li},
  title     = {Termination of Dependently Typed Rewrite Rules},
  booktitle = {13th International Conference on Typed Lambda Calculi and Applications,
               {TLCA} 2015, July 1-3, 2015, Warsaw, Poland},
  pages     = {257--272},
  year      = {2015},
  crossref  = {DBLP:conf/tlca/2015},
  url       = {http://dx.doi.org/10.4230/LIPIcs.TLCA.2015.257},
  doi       = {10.4230/LIPIcs.TLCA.2015.257},
  timestamp = {Tue, 05 Apr 2016 18:11:35 +0200},
  biburl    = {http://dblp.uni-trier.de/rec/bib/conf/tlca/JouannaudL15},
  bibsource = {dblp computer science bibliography, http://dblp.org}
}

@proceedings{DBLP:conf/tlca/2015,
  editor    = {Thorsten Altenkirch},
  title     = {13th International Conference on Typed Lambda Calculi and Applications,
               {TLCA} 2015, July 1-3, 2015, Warsaw, Poland},
  series    = {LIPIcs},
  volume    = {38},
  publisher = {Schloss Dagstuhl - Leibniz-Zentrum fuer Informatik},
  year      = {2015},
  url       = {http://www.dagstuhl.de/dagpub/978-3-939897-87-3},
  isbn      = {978-3-939897-87-3},
  timestamp = {Tue, 05 Apr 2016 18:11:35 +0200},
  biburl    = {http://dblp.uni-trier.de/rec/bib/conf/tlca/2015},
  bibsource = {dblp computer science bibliography, http://dblp.org}
}

@article{DBLP:journals/iandc/GeserHWZ07,
  author    = {Alfons Geser and
               Dieter Hofbauer and
               Johannes Waldmann and
               Hans Zantema},
  title     = {On tree automata that certify termination of left-linear term rewriting
               systems},
  journal   = {Inf. Comput.},
  volume    = {205},
  number    = {4},
  pages     = {512--534},
  year      = {2007},
  url       = {http://dx.doi.org/10.1016/j.ic.2006.08.007},
  doi       = {10.1016/j.ic.2006.08.007},
  timestamp = {Tue, 19 Jun 2007 11:17:35 +0200},
  biburl    = {http://dblp.uni-trier.de/rec/bib/journals/iandc/GeserHWZ07},
  bibsource = {dblp computer science bibliography, http://dblp.org}
}

@article{DBLP:journals/tcs/Payet08,
  author    = {{\'{E}}tienne Payet},
  title     = {Loop detection in term rewriting using the eliminating unfoldings},
  journal   = {Theor. Comput. Sci.},
  volume    = {403},
  number    = {2-3},
  pages     = {307--327},
  year      = {2008},
  url       = {http://dx.doi.org/10.1016/j.tcs.2008.05.013},
  doi       = {10.1016/j.tcs.2008.05.013},
  timestamp = {Thu, 21 Aug 2008 09:07:25 +0200},
  biburl    = {http://dblp.uni-trier.de/rec/bib/journals/tcs/Payet08},
  bibsource = {dblp computer science bibliography, http://dblp.org}
}
@inproceedings{DBLP:conf/rta/Giesl95,
  author    = {J{\"{u}}rgen Giesl},
  title     = {Generating Polynomial Orderings for Termination Proofs},
  booktitle = {Rewriting Techniques and Applications, 6th International Conference,
               RTA-95, Kaiserslautern, Germany, April 5-7, 1995, Proceedings},
  pages     = {426--431},
  year      = {1995},
  crossref  = {DBLP:conf/rta/1995},
  url       = {http://dx.doi.org/10.1007/3-540-59200-8_77},
  doi       = {10.1007/3-540-59200-8_77},
  timestamp = {Wed, 23 Sep 2009 11:20:15 +0200},
  biburl    = {http://dblp.uni-trier.de/rec/bib/conf/rta/Giesl95},
  bibsource = {dblp computer science bibliography, http://dblp.org}
}

@proceedings{DBLP:conf/rta/1995,
  editor    = {Jieh Hsiang},
  title     = {Rewriting Techniques and Applications, 6th International Conference,
               RTA-95, Kaiserslautern, Germany, April 5-7, 1995, Proceedings},
  series    = {Lecture Notes in Computer Science},
  volume    = {914},
  publisher = {Springer},
  year      = {1995},
  isbn      = {3-540-59200-8},
  timestamp = {Wed, 13 Mar 2002 10:32:16 +0100},
  biburl    = {http://dblp.uni-trier.de/rec/bib/conf/rta/1995},
  bibsource = {dblp computer science bibliography, http://dblp.org}
}

@InCollection{ terese,
	author = "Terese",
	booktitle = "Cambridge Tracts in Theoretical Computer Science (Jan Willem Klop et al editors)",
	title = "Term Rewriting Systems",
	volume = "55",
	publisher = "Cambridge University Press",
	year = "2003"
}

@article{DBLP:journals/ipl/Jacquemard03,
  author    = {Florent Jacquemard},
  title     = {Reachability and confluence are undecidable for flat term rewriting
               systems},
  journal   = {Inf. Process. Lett.},
  volume    = {87},
  number    = {5},
  pages     = {265--270},
  year      = {2003},
  url       = {http://dx.doi.org/10.1016/S0020-0190(03)00310-7},
  doi       = {10.1016/S0020-0190(03)00310-7},
  timestamp = {Tue, 25 Nov 2003 15:49:42 +0100},
  biburl    = {http://dblp.uni-trier.de/rec/bib/journals/ipl/Jacquemard03},
  bibsource = {dblp computer science bibliography, http://dblp.org}
}

@Article{ newman42,
	author = "M. H. A. Newman",
	title = "On theories with a combinatorial definition of `equivalence'",
	journal = "Ann. Math.",
	year = 1942,
	volume = 43,
	number = 2,
	topics = "rewriting",
	pages = "223--243"
}

@phdthesis{hindley1964church,
  title={The Church-Rosser property and a result in combinatory logic.},
  author={Hindley, James Roger},
  year={1964},
  school={University of Newcastle upon Tyne}
}

@Article{ DBLP:journals/jacm/Rosen73,
	author = "Barry K. Rosen",
	title = "Tree-Manipulating Systems and {Church-Rosser} Theorems",
	journal = "J. ACM",
	volume = "20",
	number = "1",
	year = "1973",
	pages = "160--187",
	ee = "db/journals/jacm/Rosen73.html, http://doi.acm.org/10.1145/321738.321750",
	bibsource = "DBLP, http://dblp.uni-trier.de"
}

@InCollection{ knuth70,
	author = "Donald E. Knuth and Peter B. Bendix",
	topics = "rewriting",
	title = "Simple word problems in universal algebras",
	booktitle = "Computational Problems in Abstract Algebra",
	publisher = "Elsevier",
	year = 1970,
	editor = "J. Leech",
	pages = "263--297"
}

@InProceedings{ DBLP:conf/rta/Oostrom08,
	author = "Vincent van Oostrom",
	title = "Confluence by Decreasing Diagrams converted",
	booktitle = "RTA",
	year = "2008",
	pages = "306--320",
	ee = "http://dx.doi.org/10.1007/978-3-540-70590-1\_21",
	crossref = "DBLP:conf/rta/2008",
	bibsource = "DBLP, http://dblp.uni-trier.de"
}

@Proceedings{ DBLP:conf/rta/2008,
	editor = "Andrei Voronkov",
	title = "Rewriting Techniques and Applications, 19th International Conference, RTA 2008, Hagenberg, Austria, July 15-17, 2008, Proceedings",
	booktitle = "RTA",
	publisher = "Springer",
	series = "LNCS",
	volume = "5117",
	year = "2008",
	isbn = "978-3-540-70588-8",
	bibsource = "DBLP, http://dblp.uni-trier.de"
}

@article{DBLP:journals/jar/ZanklFM15,
  author    = {Harald Zankl and
               Bertram Felgenhauer and
               Aart Middeldorp},
  title     = {Labelings for Decreasing Diagrams},
  journal   = {J. Autom. Reasoning},
  volume    = {54},
  number    = {2},
  pages     = {101--133},
  year      = {2015},
  url       = {http://dx.doi.org/10.1007/s10817-014-9316-y},
  doi       = {10.1007/s10817-014-9316-y},
  timestamp = {Wed, 07 Jan 2015 11:24:17 +0100},
  biburl    = {http://dblp.uni-trier.de/rec/bib/journals/jar/ZanklFM15},
  bibsource = {dblp computer science bibliography, http://dblp.org}
}

@inproceedings{DBLP:conf/cade/JouannaudM84,
  author    = {Jean{-}Pierre Jouannaud and
               Miguel Munoz},
  title     = {Termination of a Set of Rules Modulo a Set of Equations},
  booktitle = {7th International Conference on Automated Deduction, Napa, California,
               USA, May 14-16, 1984, Proceedings},
  pages     = {175--193},
  year      = {1984},
  crossref  = {DBLP:conf/cade/1984},
  url       = {http://dx.doi.org/10.1007/BFb0047121},
  doi       = {10.1007/BFb0047121},
  timestamp = {Mon, 12 Oct 2009 12:00:41 +0200},
  biburl    = {http://dblp.uni-trier.de/rec/bib/conf/cade/JouannaudM84},
  bibsource = {dblp computer science bibliography, http://dblp.org}
}

@proceedings{DBLP:conf/cade/1984,
  editor    = {Robert E. Shostak},
  title     = {7th International Conference on Automated Deduction, Napa, California,
               USA, May 14-16, 1984, Proceedings},
  series    = {Lecture Notes in Computer Science},
  volume    = {170},
  publisher = {Springer},
  year      = {1984},
  isbn      = {3-540-96022-8},
  timestamp = {Tue, 05 Feb 2002 13:54:55 +0100},
  biburl    = {http://dblp.uni-trier.de/rec/bib/conf/cade/1984},
  bibsource = {dblp computer science bibliography, http://dblp.org}
}

@article{DBLP:journals/tcs/JouannaudM92,
  author    = {Jean{-}Pierre Jouannaud and
               Claude March{\'{e}}},
  title     = {Termination and Completion Modulo Associativity, Commutativity and
               Identity},
  journal   = {Theor. Comput. Sci.},
  volume    = {104},
  number    = {1},
  pages     = {29--51},
  year      = {1992},
  url       = {http://dx.doi.org/10.1016/0304-3975(92)90165-C},
  doi       = {10.1016/0304-3975(92)90165-C},
  timestamp = {Wed, 07 Sep 2011 12:13:21 +0200},
  biburl    = {http://dblp.uni-trier.de/rec/bib/journals/tcs/JouannaudM92},
  bibsource = {dblp computer science bibliography, http://dblp.org}
}

@article{DBLP:journals/ijsi/JouannaudT08,
  author    = {Jean{-}Pierre Jouannaud and
               Yoshihito Toyama},
  title     = {Modular Church-Rosser Modulo: The Complete Picture},
  journal   = {Int. J. Software and Informatics},
  volume    = {2},
  number    = {1},
  pages     = {61--75},
  year      = {2008},
  url       = {http://www.ijsi.org/ch/reader/view_abstract.aspx?file_no=200861&flag=1},
  timestamp = {Wed, 30 Jan 2013 14:41:57 +0100},
  biburl    = {http://dblp.uni-trier.de/rec/bib/journals/ijsi/JouannaudT08},
  bibsource = {dblp computer science bibliography, http://dblp.org}
}

@inproceedings{DBLP:conf/rta/Jouannaud06,
  author    = {Jean{-}Pierre Jouannaud},
  title     = {Modular Church-Rosser Modulo},
  booktitle = {Term Rewriting and Applications, 17th International Conference, {RTA}
               2006, Seattle, WA, USA, August 12-14, 2006, Proceedings},
  pages     = {96--107},
  year      = {2006},
  crossref  = {DBLP:conf/rta/2006},
  url       = {http://dx.doi.org/10.1007/11805618_8},
  doi       = {10.1007/11805618_8},
  timestamp = {Tue, 22 Aug 2006 10:57:09 +0200},
  biburl    = {http://dblp.uni-trier.de/rec/bib/conf/rta/Jouannaud06},
  bibsource = {dblp computer science bibliography, http://dblp.org}
}

@proceedings{DBLP:conf/rta/2006,
  editor    = {Frank Pfenning},
  title     = {Term Rewriting and Applications, 17th International Conference, {RTA}
               2006, Seattle, WA, USA, August 12-14, 2006, Proceedings},
  series    = {Lecture Notes in Computer Science},
  volume    = {4098},
  publisher = {Springer},
  year      = {2006},
  isbn      = {3-540-36834-5},
  timestamp = {Tue, 22 Aug 2006 10:57:09 +0200},
  biburl    = {http://dblp.uni-trier.de/rec/bib/conf/rta/2006},
  bibsource = {dblp computer science bibliography, http://dblp.org}
}

@article{DBLP:journals/siamcomp/JouannaudK86,
  author    = {Jean{-}Pierre Jouannaud and
               H{\'{e}}l{\`{e}}ne Kirchner},
  title     = {Completion of a Set of Rules Modulo a Set of Equations},
  journal   = {{SIAM} J. Comput.},
  volume    = {15},
  number    = {4},
  pages     = {1155--1194},
  year      = {1986},
  url       = {http://dx.doi.org/10.1137/0215084},
  doi       = {10.1137/0215084},
  timestamp = {Tue, 01 Feb 2011 14:01:33 +0100},
  biburl    = {http://dblp.uni-trier.de/rec/bib/journals/siamcomp/JouannaudK86},
  bibsource = {dblp computer science bibliography, http://dblp.org}
}

@book{brand1978completeness,
  title={Completeness of conditional reductions},
  author={Brand, Daniel and Darringer, John A and Joyner, William H},
  year={1978},
  publisher={IBM Research Division}
}

@article{DBLP:journals/jcss/BergstraK86,
  author    = {Jan A. Bergstra and
               Jan Willem Klop},
  title     = {Conditional Rewrite Rules: Confluence and Termination},
  journal   = {J. Comput. Syst. Sci.},
  volume    = {32},
  number    = {3},
  pages     = {323--362},
  year      = {1986},
  url       = {http://dx.doi.org/10.1016/0022-0000(86)90033-4},
  doi       = {10.1016/0022-0000(86)90033-4},
  timestamp = {Tue, 05 Jul 2011 11:10:42 +0200},
  biburl    = {http://dblp.uni-trier.de/rec/bib/journals/jcss/BergstraK86},
  bibsource = {dblp computer science bibliography, http://dblp.org}
}

@inproceedings{DBLP:conf/cade/DershowitzOS88,
  author    = {Nachum Dershowitz and
               Mitsuhiro Okada and
               G. Sivakumar},
  title     = {Canonical Conditional Rewrite Systems},
  booktitle = {9th International Conference on Automated Deduction, Argonne, Illinois,
               USA, May 23-26, 1988, Proceedings},
  pages     = {538--549},
  year      = {1988},
  crossref  = {DBLP:conf/cade/1988},
  url       = {http://dx.doi.org/10.1007/BFb0012855},
  doi       = {10.1007/BFb0012855},
  timestamp = {Mon, 12 Oct 2009 12:48:51 +0200},
  biburl    = {http://dblp.uni-trier.de/rec/bib/conf/cade/DershowitzOS88},
  bibsource = {dblp computer science bibliography, http://dblp.org}
}

@proceedings{DBLP:conf/cade/1988,
  editor    = {Ewing L. Lusk and
               Ross A. Overbeek},
  title     = {9th International Conference on Automated Deduction, Argonne, Illinois,
               USA, May 23-26, 1988, Proceedings},
  series    = {Lecture Notes in Computer Science},
  volume    = {310},
  publisher = {Springer},
  year      = {1988},
  isbn      = {3-540-19343-X},
  timestamp = {Tue, 05 Feb 2002 13:48:18 +0100},
  biburl    = {http://dblp.uni-trier.de/rec/bib/conf/cade/1988},
  bibsource = {dblp computer science bibliography, http://dblp.org}
}

@article{DBLP:journals/tcs/DershowitzO90,
  author    = {Nachum Dershowitz and
               Mitsuhiro Okada},
  title     = {A Rationale for Conditional Equational Programming},
  journal   = {Theor. Comput. Sci.},
  volume    = {75},
  number    = {1{\&}2},
  pages     = {111--138},
  year      = {1990},
  url       = {http://dx.doi.org/10.1016/0304-3975(90)90064-O},
  doi       = {10.1016/0304-3975(90)90064-O},
  timestamp = {Wed, 07 Sep 2011 12:13:21 +0200},
  biburl    = {http://dblp.uni-trier.de/rec/bib/journals/tcs/DershowitzO90},
  bibsource = {dblp computer science bibliography, http://dblp.org}
}

@inproceedings{DBLP:conf/rta/BertlingG89,
  author    = {Hubert Bertling and
               Harald Ganzinger},
  title     = {Completion-Time Optimization of Rewrite-Time Goal Solving},
  booktitle = {Rewriting Techniques and Applications, 3rd International Conference,
               RTA-89, Chapel Hill, North Carolina, USA, April 3-5, 1989, Proceedings},
  pages     = {45--58},
  year      = {1989},
  crossref  = {DBLP:conf/rta/1989},
  url       = {http://dx.doi.org/10.1007/3-540-51081-8_99},
  doi       = {10.1007/3-540-51081-8_99},
  timestamp = {Wed, 23 Sep 2009 10:33:29 +0200},
  biburl    = {http://dblp.uni-trier.de/rec/bib/conf/rta/BertlingG89},
  bibsource = {dblp computer science bibliography, http://dblp.org}
}
